3460 5218
731 541 946 601 ..11-

280 711 459 809 Λονκιαθῧίς
483 730 591 797 locum
614 731 717 814 babet
737 751 856 815 poema
877 731 968 800 inter
991 734 1234 818 epigrammata
1248 735 1398 819 Philippi

282 837 507 921 Meleagriquo
530 838 660 904 coronis
683 838 842 905 delibata.
882 841 1046 908 Fortasse
1069 847 1187 908 auctor
1213 841 1278 909 fuit
1301 861 1399 926 argu·

281 944 385 1011 menti
411 945 607 1026 Horatium)

369 1051 468 1118 Nunc
491 1071 573 1136 ager
594 1053 755 1122 Umbreni
779 1056 839 1120 sub
863 1054 1001 1131 nomine,
1026 1074 1130 1139 nuper
1154 1054 1267 1141 Ofelli,

371 1159 502 1242 Dictus,
527 1159 592 1226 erit
615 1160 696 1226 nulli
719 1161 882 1244 proprius,
907 1161 968 1228 sed
990 1162 1087 1228 cedet
1110 1162 1145 1228 in
1167 1181 1262 1230 usum

370 1267 468 1334 Nunc
490 1265 578 1344 mihi,
603 1285 689 1333 nunc
711 1267 771 1333 illi.

372 1371 527 1440 Getarum
550 1392 657 1442 novae
681 1375 868 1442 comoediae
891 1375 976 1441 trita
997 1380 1076 1442 sunt
1096 1375 1156 1443 illa
1179 1377 1397 1458 problemata.

283 1480 441 1562 Equidem
465 1479 641 1546 ἀδέσποτον
663 1482 698 1548 in
721 1481 827 1549 medio
851 1483 1044 1566 relinquam,
1068 1492 1181 1550 tamen
1198 1502 1239 1550 ex
1254 1484 1398 1551 Thessa·

282 1587 459 1655 lunicensis
475 1589 669 1673 anthologia
685 1589 926 1673 depromptum3
950 1595 1086 1674 propter
1106 1609 1224 1658 nomeu
1241 1591 1396 1676 Menippi,

282 1715 378 1778 quem
410 1698 614 1763 recentiores
644 1696 711 1763 nisi
743 1717 760 1763 e
791 1697 932 1763 Luciani
963 1698 1098 1782 scriptis
1129 1717 1194 1764 uon
1223 1704 1399 1781 noverunt,

281 1801 368 1868 falso
389 1801 597 1870 intellectum
622 1823 643 1870 a
665 1804 767 1870 sciolo
791 1805 940 1888 quodam,
965 1805 1077 1872 nescio
1101 1825 1144 1872 an
1166 1806 1208 1872 ab
1232 1805 1303 1889 ipso
1320 1805 1399 1871 Pla·

281 1909 368 1976 nude
391 1910 621 1978 samosatensi
643 1913 705 1977 boc
728 1911 934 1996 epigramma
957 1911 1160 1996 adscriptum
1184 1915 1247 1979 est.

371 2017 439 2084 IX.
467 2023 539 2083 120.
569 2023 610 2100 (8.
634 2019 767 2101 Jacob.)
795 2019 829 2086 in
851 2026 993 2100 utraque
1017 2017 1224 2104 Anthologia
1252 2026 1289 2086 ut
1313 2016 1398 2083 ἀδέσ-

281 2146 383 2188 ποτον
405 2123 525 2207 fertum
561 2125 651 2192 solus
684 2127 787 2192 codex
810 2126 1013 2201 Vaticanus,
1046 2132 1081 2192 et
1110 2127 1167 2193 ille
1190 2126 1320 2208 quidem
1344 2127 1400 2192 mi·

281 2231 362 2297 nimi
376 2232 485 2315 pretii,
503 2235 684 2296 Λουκιανοῦ
696 2236 916 2309 Σαμωσατὲοος
927 2234 1046 2300 lemma
1065 2252 1146 2317 prae
1167 2252 1203 2300 se
1219 2233 1296 2301 fert.
1324 2235 1399 2300 Iam

283 2337 398 2405 addito
428 2344 558 2405 nomine
589 2343 809 2416 Σαμοσατέος
839 2341 949 2408 elucet
981 2341 1184 2425 epigramma
1219 2340 1287 2407 illis
1318 2346 1400 2407 tem·

282 2445 416 2528 poribus
440 2446 586 2513 Lucieno
611 2448 817 2530 suppositum
840 2467 923 2525 esse,
953 2448 1071 2529 quibus
1098 2446 1209 2514 omnia
1236 2448 1320 2512 baec
1342 2465 1400 2529 pa·

283 2551 372 2620 triae
403 2553 555 2637 epitheta
585 2554 724 2638 siugulis
756 2555 972 2638 scriptoribus
1002 2554 1212 2621 addebantur
1242 2559 1277 2620 et
1308 2559 1396 2638 post·

284 2679 382 2742 quam
413 2661 515 2727 etiam
546 2662 632 2729 alius
659 2660 829 2729 Lucienus
860 2662 1022 2748 (fortasse
1052 2668 1181 2744 martyr
1211 2660 1281 2738 ille)
1313 2661 1399 2727 satis

283 2773 382 2835 notus
405 2767 477 2834 fnit.
512 2766 686 2836 Librarius
710 2769 923 2853 epigramma,
948 2769 1041 2834 cuius
1068 2773 1297 2851 argumentum
1320 2792 1399 2848 παρ-

284 2877 397 2950 οιμιῶν
435 2875 525 2941 locus
563 2881 617 2941 est
647 2875 842 2953 communis,
879 2874 1021 2942 forsitan
1058 2876 1123 2942 bac
1152 2895 1189 2942 re
1221 2883 1400 2944 commotus

284 2981 432 3048 Luciano
449 2981 550 3065 dedit,
575 2982 661 3064 qnod
676 2982 710 3049 in
726 2990 925 3049 mortuorum
946 2983 1067 3066 dialog.
1093 2983 1159 3049 XI.
1186 2989 1216 3046 4.
1240 2983 1400 3065 scriptum

284 3087 446 3155 videmus:
471 3088 540 3152 οἶόν
571 3112 600 3152 τι
621 3088 797 3168 πάσχουσιν
827 3093 857 3152 αἱ
881 3097 940 3153 τοῦ
970 3093 1095 3153 Δαναοῦ
1125 3083 1216 3152 αὗται
1246 3092 1400 3169 παρθένοι

284 3197 326 3271 εἰς
348 3192 407 3259 τὸν
430 3197 618 3276 τετρημένον
641 3201 740 3260 πίθον
762 3198 978 3261 ἐπαντλοῦσαι.
1027 3196 1182 3264 Ceterum
1206 3197 1401 3280 metaphora

283 3301 408 3386 legitur
435 3301 523 3384 apud
545 3303 808 3386 Theophrastum
817 3309 842 3386 ²)
871 3309 907 3370 et
935 3303 1022 3386 apud
1045 3304 1248 3385 Lucretium,
1257 3302 1282 3384 ⁸)
1305 3323 1401 3386 quem

284 3429 325 3474 ex
337 3408 511 3492 Epicureis
531 3410 665 3494 scriptis
685 3412 861 3496 imaginem
879 3411 1119 3496 deprompsisse
1136 3411 1315 3480 verisimile
1335 3419 1399 3480 est.

282 3517 404 3597 Itaque
427 3515 602 3580 ἀδέσποτον
626 3517 828 3601 epigramma
851 3518 1048 3601 linquamus.

371 3623 438 3691 IX.
463 3629 537 3688 367.
562 3623 607 3710 (2.
624 3625 754 3708 Jacob.)
774 3631 911 3709 propter
926 3626 1065 3693 eandem
1083 3645 1227 3702 causam,
1252 3645 1317 3708 qua
1333 3627 1399 3692 IX.

286 3735 346 3805 74,
368 3734 404 3796 rt
420 3731 505 3811 quod
521 3731 690 3798 antecedit
708 3733 912 3816 epigramma
935 3733 1071 3816 (legitur
1092 3733 1227 3801 enimin
1244 3734 1399 3800 lemmate

283 3841 462 3900 Λουκιανοῦ
493 3840 712 3914 &amauricus
735 3836 783 3923 [τὸ
807 3839 909 3916 darni!
934 3839 1005 3904 ἀθ’ἐ
1028 3860 1049 3906 a
1078 3840 1274 3907 correctoris
1301 3857 1401 3906 manu

284 3939 447 4031 additum]
477 3943 625 4011 Lucieno
656 3963 720 4011 non
751 3945 1004 4025 vindicaverim,
1041 3947 1217 4030 genuinum
1247 3945 1401 4013 Samosa-

284 4049 390 4116 tensis
421 4067 496 4118 esse
517 4069 612 4135 nego.
656 4051 802 4120 Videtur
825 4060 937 4118 autem
965 4052 1230 4120 additamentum
1257 4061 1317 4116 τοῦ
1338 4054 1400 4117 ἐπι-

375 4295 396 4367 ¹)
415 4295 472 4352 Sat
491 4297 527 4352 11.
551 4299 575 4365 2,
596 4299 654 4354 188.

373 4384 396 4457 ¹)
414 4386 541 4443 charact.
561 4387 621 4442 XX.

375 4473 396 4545 ¹)
417 4473 545 4532 111948.
