3460 5218
835 521 1055 580 ...20-

475 690 653 760 Oorrector
675 690 703 760 0
726 692 864 760 formam
886 699 1068 758 lovxrluoo
1091 693 1196 761 solam
1220 693 1366 762 admisit.

475 799 592 867 Scriba
616 799 669 886 Sl)
698 801 769 868 sola
799 807 970 866 λουκίλλου
998 802 1102 868 forma
1132 801 1300 870 utebatur.
1346 801 1381 870 A
1404 802 1505 869 libra·

382 905 433 974 rio
463 907 508 988 A,
548 907 634 988 quod
667 908 946 975 Stadtmnellerus
979 913 1144 990 testatur,
1184 909 1305 976 lemma
1337 927 1504 990 uunquam

384 1017 558 1081 exaratum
581 1019 645 1081 est.

472 1119 607 1187 Lucillii
629 1119 741 1188 vitae
763 1127 811 1194 ut,
836 1140 921 1202 quae
937 1121 1102 1187 enucleari
1119 1121 1260 1204 possint,
1286 1122 1502 1196 enucleemus,

383 1228 510 1295 iontem
533 1227 724 1312 primarium
748 1246 881 1294 carmen
904 1229 969 1294 IX.
995 1231 1069 1291 572.
1094 1229 1263 1295 adeamus.
1310 1229 1407 1298 Unde
1432 1247 1503 1296 cou-

385 1335 542 1402 cluditur=
1229 1411 1232 1418 Ι

476 1445 505 1521 ι)
530 1460 663 1508 carmen
687 1459 772 1517 esse,
796 1459 859 1522 quo
876 1441 1105 1507 collectionem
1121 1441 1395 1524 epigrammatum
1410 1442 1503 1508 inau-

383 1549 529 1633 guravit.

474 1657 508 1742 2)
532 1675 665 1724 carmen
690 1656 829 1723 alterius
854 1675 928 1724 esse
952 1657 1173 1738 collectionis,
1202 1656 1316 1738 itaque
1340 1677 1414 1724 eum
1436 1657 1503 1724 iam

383 1769 486 1830 autea
503 1763 766 1848 epigrammaton
789 1763 906 1830 librum
931 1801 974 1810 -
991 1782 1121 1830 suorum
1145 1764 1274 1831 scilicet
1290 1801 1332 1812 —
1348 1765 1502 1832 edidisse.

473 1872 508 1956 3)
530 1870 656 1937 Neroni
684 1870 877 1953 imperatori
905 1869 1094 1937 dedicatam
1118 1889 1192 1936 essa
1216 1873 1359 1938 alteram
1384 1873 1500 1939 collec-

381 1976 514 2044 tionem.

472 2084 506 2169 4)
534 2083 708 2150 Lucillium
739 2085 850 2167 paullo
882 2090 962 2149 ante
994 2103 1014 2148 a
1045 2084 1179 2150 Nerone
1214 2084 1297 2150 douo
1331 2085 1501 2169 accepisse

381 2191 563 2274 pecuniam.

473 2298 506 2384 5)
529 2299 579 2364 Eo
604 2297 810 2364 convincitur
833 2317 906 2365 eum
930 2303 1033 2364 antea
1056 2302 1116 2363 aut
1138 2317 1316 2380 pauperem
1339 2305 1400 2366 aut
1424 2319 1501 2366 aero

382 2405 490 2472 alieno
515 2422 705 2488 oppressum
731 2404 843 2471 tuisse.

473 2512 506 2597 6)
521 2511 712 2582 Verisimile
737 2519 790 2578 est
812 2511 988 2577 Lucillium
1008 2512 1134 2576 Romae
1158 2515 1393 2580 commoratum
1416 2532 1500 2598 asse,

381 2619 459 2701 quia
483 2638 504 2685 a
526 2620 660 2685 Nerone
685 2619 803 2702 dignus
826 2618 1023 2699 habebatur,
1048 2617 1210 2700 quidone
1235 2625 1421 2687 ornaretur.

470 2726 614 2808 Reliqua
638 2725 786 2791 carmina
809 2725 838 2790 si
854 2725 1121 2807 contemplemur,
1145 2745 1252 2808 pauca
1270 2726 1392 2792 addere
1408 2727 1498 2810 licet,

381 2833 498 2914 quihus
521 2831 615 2897 modo
640 2832 731 2898 dicta
754 2833 976 2899 illustrantur.

468 2941 711 3020 Imperatorem
735 2939 867 3022 saepius
890 2940 1035 3015 invocat,
1060 2938 1120 3004 sed
1142 2958 1200 3022 pro
1222 2946 1314 3006 certo
1332 2940 1500 3007 adfirmari

380 3046 496 3127 nequit
519 3063 647 3127 semper
669 3045 836 3112 Neronem
860 3045 1110 3129 intelligendum
1134 3064 1218 3111 esse.
1254 3046 1340 3114 Sunt
1362 3048 1397 3113 hi
1419 3047 1498 3112 loci:

378 3156 446 3221 XI.
478 3157 550 3228 75‚1
581 3155 732 3230 Σεβαστέ,
771 3157 868 3227 116,1
898 3155 1031 3216 δέσποτα
1062 3160 1196 3231 Καῖσαρ,
1237 3158 1330 3236 132,1
1363 3156 1499 3216 δέσποτα

315 3325 318 3328 ,
380 3272 513 3341 nascaq,
543 3261 604 3325 hoc
630 3261 665 3325 iu
694 3260 839 3325 carmine
861 3277 891 3326 v.
917 3266 945 3322 5.
969 3258 1118 3324 videmus
1142 3255 1168 3320 <d
1192 3254 1291 3320 ἕστατε
1315 3266 1388 3336 Ζεῦ;
1413 3259 1499 3324 nude

379 3367 532 3449 quaestio
561 3366 722 3449 exoritur,
754 3371 865 3432 utrum
892 3385 929 3432 re
956 3384 1038 3432 vera
1062 3365 1219 3448 Juppiter
1247 3384 1290 3430 an
1318 3365 1500 3447 imperator

348 3561 351 3564 y
378 3475 570 3542 iudeorum
593 3492 762 3539 numerum
785 3478 939 3557 receptus
962 3473 1138 3539 invocatus
1166 3472 1226 3549 sit,
1256 3491 1352 3553 quam
1382 3490 1498 3552 quaes·

379 3581 503 3648 tionem
532 3581 709 3647 decernere
736 3581 825 3659 nolo;
859 3579 918 3646 sed
946 3579 974 3644 si
1001 3579 1059 3644 ille
1087 3577 1238 3658 δεσπότης
1261 3573 1380 3659 Καῖσαρ
1406 3578 1498 3645 Nero

379 3694 478 3770 essct,
504 3688 679 3754 terminum
703 3688 907 3769 haberemus,
932 3691 1009 3769 post
1033 3705 1128 3767 quem
1151 3685 1355 3768 epigramma
1372 3705 1499 3769 compo·

378 3794 479 3861 situm
503 3799 603 3874 esset,
629 3794 757 3860 scilicet
780 3798 857 3875 post
881 3812 1002 3859 anuum
1020 3799 1070 3855 65.
1091 3812 1123 3873 p.
1141 3791 1218 3858 Chr.
1236 3796 1304 3874 n.²),
1330 3811 1392 3873 quo
1408 3794 1498 3860 Nero

379 3886 515 3984 seipse
543 3901 638 3968 deum
668 3900 902 3984 promulgavit.
949 3899 1111 3980 Equidem
1143 3904 1259 3965 contra
1290 3901 1499 3966 enuntiatum

378 3999 522 4071 ὦῧπατε
537 4015 598 4071 Ζεῦ
620 4007 780 4075 nostrati:
808 4010 891 4090 „ach
908 4008 951 4074 du
973 4007 1079 4072 lieber
1094 4004 1218 4073 doctr
1245 4025 1438 4089 comparem.
1456 4049 1498 4058 -
1606 4016 1609 4022 '
1691 4091 1692 4114 Χ

377 4114 487 4181 Unum
516 4135 558 4181 ex
588 4116 652 4182 hoc
679 4115 921 4200 epigrammata
949 4113 1104 4180 discimus
1143 4112 1294 4179 iuvenem
1322 4113 1498 4179 Lucillium

469 4274 490 4343 ¹)
508 4272 702 4342 Weisshaeupl
720 4272 737 4329 l.
756 4271 775 4326 l.
794 4289 856 4342 app.
877 4273 918 4326 19.

469 4362 491 4432 ⁹)
511 4361 635 4429 debilior,
660 4361 732 4416 Nero
751 4362 812 4416 581.
851 4360 992 4416 Beurlier:
1017 4362 1090 4416 essai
1114 4377 1161 4415 sur
1184 4360 1210 4416 le
1235 4360 1310 4415 culte
1333 4359 1421 4414 reudu
1444 4374 1498 4414 anx

378 4465 536 4519 cmpereurs
554 4449 683 4506 romaius.
721 4450 799 4507 1891.
836 4465 862 4518 p.
882 4450 925 4504 72.
963 4449 1106 4520 Borghesi.
1125 4449 1247 4505 Oeuvres
1266 4450 1354 4517 3,l29,
1374 4448 1434 4502 233.
1471 4511 1473 4517 y

1688 4459 1690 4554 l
