3460 5218
721 529 942 587 ...65-

272 700 356 768 dosii
372 700 514 768 alterius
530 701 704 784 aequalem
718 738 755 749 -
770 702 885 768 horum
903 683 1168 784 antiquissimum
1184 708 1279 770 ratus
1292 708 1393 785 esset,

270 808 397 875 fontem
420 807 697 892 epigrammatum
719 807 763 878 V.
790 813 940 873 2.-103.
986 807 1098 876 Rufini
1121 809 1277 893 fortasse,
1302 809 1394 877 euius

272 920 312 979 37
331 919 401 996 (40)
418 919 597 982 servantur
620 914 864 999 epigrammata
886 915 952 982 hae
973 915 1008 983 in
1031 921 1139 998 parte,
1166 915 1394 984 collectionem

272 1020 546 1105 epigrammatum
573 1021 807 1088 amatoriorum
824 1021 940 1102 quinto
956 1023 1089 1089 saeculo
1113 1021 1240 1089 editam
1262 1023 1394 1090 statuit.

272 1129 399 1196 Contra
429 1128 652 1212 Weigandius
687 1127 799 1195 Rufini
838 1129 1083 1212 epigrammata
1121 1149 1163 1197 ex
1192 1129 1395 1215 Diogeniani

272 1236 465 1320 anthologio
492 1235 627 1304 fluxisse
654 1236 791 1318 putavit
822 1235 932 1302 causis
962 1254 1028 1302 non
1057 1236 1183 1303 additis
1215 1241 1250 1303 et
1278 1234 1394 1304 Stern-

270 1344 411 1411 baebios
432 1343 547 1410 notula
567 1343 766 1411 brevissima
775 1343 802 1430 ¹)
814 1343 899 1410 dixit
922 1343 1076 1410 Rufinum
1092 1343 1195 1410 tertio
1207 1343 1262 1412 vel
1275 1349 1394 1426 quarto

270 1451 422 1519 floruisse
446 1451 592 1528 saeculo;
617 1450 805 1516 Iaoobsium
822 1449 962 1533 denique
978 1450 1092 1518 adfero
1109 1450 1311 1517 arbitratum
1326 1451 1395 1518 Ru·

270 1558 368 1625 finum
399 1557 581 1624 Iustiniani
616 1557 720 1624 fuisse
751 1558 935 1638 aequalem.
994 1557 1147 1624 Omnium
1182 1557 1286 1641 igitur
1316 1562 1393 1642 post

272 1664 441 1732 Christum
468 1671 584 1731 natum
608 1662 679 1730 iere
708 1664 914 1730 saeculorum
937 1664 1091 1731 Rufinum
1116 1683 1191 1730 esse
1213 1664 1285 1732 viri
1302 1665 1392 1731 docti

271 1772 566 1850 existimaverunt3
605 1771 720 1852 itaque
760 1771 862 1836 aliam
900 1771 989 1838 viam
1019 1771 1151 1854 ingredi
1180 1789 1245 1837 non
1275 1769 1394 1839 inutile

271 1898 345 1946 esse
368 1879 525 1945 arbitror.

358 1987 511 2068 Namque
523 1986 558 2051 in
570 1991 714 2051 mentem
726 1985 908 2052 mihivenit
920 1985 1016 2051 nnius
1025 1985 1248 2051 Romanorum
1260 1991 1391 2068 poetae,

271 2093 420 2176 quamvis
444 2093 584 2168 ferreae,
616 2092 668 2159 uti
690 2093 741 2159 ita
764 2093 883 2174 dinam,
916 2091 1053 2168 aetatis,
1086 2093 1142 2173 qui
1166 2090 1301 2158 Graeca
1329 2092 1393 2175 epi·

270 2206 460 2286 grammata
483 2199 648 2281 exhausit,
672 2199 824 2266 Ausonii.
871 2199 1021 2265 Plurima
1053 2199 1124 2265 eius
1152 2199 1395 2282 epigrammata

272 2308 315 2374 ad
331 2306 465 2374 Graeca
481 2313 662 2390 prototypa
685 2307 752 2372 iam
775 2308 817 2372 ab
834 2305 977 2372 Ausonii
1001 2305 1184 2372 editoribus
1204 2305 1392 2372 recentissi-

273 2413 335 2480 mis
359 2413 570 2495 Schenkelio,
597 2415 689 2479 ouius
712 2432 865 2480 numeros
887 2431 1019 2494 sequor,
1045 2417 1080 2478 et
1103 2413 1245 2496 Peiparo
1269 2431 1395 2478 summa

273 2539 346 2586 enm
375 2519 552 2603 diligentia
579 2521 691 2586 relata
719 2526 798 2586 sunt
830 2539 871 2586 ao
901 2539 944 2586 ne
974 2538 1073 2585 unum
1105 2519 1234 2601 qnidam
1258 2519 1323 2587 viri
1345 2519 1396 2587 illi

273 2627 364 2694 dont-i
394 2627 544 2693 omisisse
571 2627 737 2694 videntur.
784 2629 911 2693 Tamen
934 2646 1007 2692 eum
1031 2627 1207 2693 maximam
1230 2625 1394 2694 Ausonia·

273 2753 387 2801 norum
424 2734 700 2816 epigrammatum
734 2739 865 2817 partem
902 2733 946 2799 ad
981 2733 1226 2816 epigrammata
1262 2732 1395 2801 Graeca

272 2841 447 2907 exstantia
471 2841 638 2922 respicere
653 2841 834 2916 videamus,
859 2859 966 2906 nonne
989 2840 1070 2906 lieet
1087 2840 1251 2922 suspicari
1265 2840 1395 2922 reliqua

272 2967 409 3030 quoque.
437 2967 532 3030 quae,
557 2948 690 3014 etiamsi
709 2947 833 3015 Graeci
849 2967 914 3014 non
938 2953 1115 3014 servantur
1138 2947 1258 3029 fontes
1282 2952 1396 3014 tamen

273 3055 398 3123 Grroeoi
421 3057 520 3138 plena
545 3060 623 3120 sunt
639 3055 774 3137 ingenii,
800 3054 843 3120 ad
860 3053 995 3122 Graeca
1014 3053 1124 3120 redire
1141 3054 1394 3137 epigrammata,

271 3163 450 3245 prasertim
467 3182 539 3228 oum
555 3163 589 3228 in
606 3162 814 3245 Authologia
832 3160 1027 3244 Cephalana
1047 3161 1193 3226 nonnisi
1209 3160 1395 3228 dilaterata

271 3269 486 3353 pristinorum
499 3269 925 3353 florilegiornmbabeamus
938 3267 1119 3350 excerpta?
1149 3267 1396 3350 Iaminspeotis

272 3377 415 3444 Ausonii
445 3377 697 3460 epigrammatis
727 3376 855 3453 iontem
888 3377 1005 3458 quibus
1036 3377 1213 3455 utebatur,
1245 3375 1395 3458 explora·

272 3483 388 3560 bimus,
413 3484 496 3559 dico,
521 3503 604 3565 quas
628 3484 903 3568 epigrammatum
927 3483 1133 3565 excerpserit
1158 3500 1306 3548 coronas.

362 3590 469 3656 Missa
492 3589 579 3656 isoio
604 3598 717 3656 cetera
741 3590 868 3672 scripta
883 3595 1019 3673 praeter
1042 3590 1295 3672 epigrammata,
1320 3606 1397 3654 nam

274 3696 408 3762 etiamsi
431 3697 464 3762 in
483 3698 561 3763 istis
581 3716 708 3779 quoque
726 3698 940 3764 inveniantur
953 3696 1156 3764 Graecorum
1178 3695 1396 3778 epigramma·

274 3807 345 3868 tum
360 3803 516 3886 vestigia,
541 3808 654 3870 tamen
674 3823 740 3871 non
756 3803 838 3869 adeo
855 3803 941 3868 fonti
962 3810 1040 3868 sunt
1063 3801 1185 3868 similia
1209 3819 1306 3882 quam
1330 3801 1396 3883 epi·

275 3914 473 3992 grammata,
505 3929 590 3992 quae
613 3911 807 3993 saepissime
838 3909 921 3977 nibil
953 3910 1044 3975 aliud
1067 3913 1146 3975 sunt
1168 3908 1235 3974 nisi
1256 3907 1396 3974 mutatis

274 4016 459 4083 nominibus
482 4016 517 4084 in
544 4017 685 4083 latinum
710 4035 892 4083 sermonem
915 4035 1016 4084 versa
1039 4015 1182 4083 Graeca.
1222 4015 1395 4098 Epigram-

274 4129 369 4190 mata
392 4123 495 4207 igitur
518 4125 602 4190 haec
625 4123 778 4190 imitatus
803 4130 856 4190 est
880 4122 1063 4190 Ausonius:

366 4461 387 4524 ι)
406 4457 468 4516 mel.
488 4475 530 4530 gr.
550 4459 593 4515 22.
612 4458 675 4515 adn.

1118 4552 1228 4659 '²4

902 4700 1579 5188 rin
