3460 5218
755 542 949 600 ..7.-

292 713 443 782 Ρ6161161
471 722 506 780 61
528 714 693 781 Marciani
720 733 819 796 quam
842 713 1114 782 accuratissimos
1144 713 1224 780 mihi
1246 714 1407 796 permisit.

291 821 427 903 Itaque,
464 821 492 887 si
527 821 595 887 alia
629 822 772 903 praebeo
807 825 909 902 atque
943 820 1121 902 editiones,
1162 820 1284 903 optimo
1319 821 1411 889 nitor

294 933 438 994 auctore.
482 927 691 995 Accedamus
715 927 820 1012 igitur
842 928 886 993 ad
910 928 1041 1012 singula
1065 927 1308 1012 epigrammata
1332 947 1409 996 exa-

292 1036 458 1101 minanda.
758 1049 766 1062 ·

381 1142 435 1208 De
462 1141 605 1226 genuina
635 1141 792 1208 carminis
815 1143 883 1208 IX.
909 1147 981 1205 672.
1014 1142 1140 1225 origine
1172 1142 1305 1209 dubium
1335 1145 1410 1210 aub-

292 1266 408 1330 repere
430 1267 495 1315 non
518 1255 641 1331 potest.
679 1249 848 1316 Insertum
873 1249 957 1314 enim
982 1253 1035 1314 est
1060 1249 1263 1332 epigramma
1286 1250 1320 1315 in
1336 1269 1410 1317 eam

293 1355 370 1421 libri
380 1356 458 1421 noni
469 1362 608 1437 partem,
626 1375 691 1437 qua
703 1374 965 1437 quorumcunque
982 1360 1157 1437 poetarum
1172 1356 1263 1422 lusus
1276 1357 1410 1422 collecti

293 1465 380 1528 suut.
417 1461 579 1528 Conferas
604 1468 676 1525 566.
702 1461 898 1528 Callimachi
922 1481 963 1527 ex
987 1461 1158 1545 Meleagri,
1183 1467 1253 1527 tum
1278 1467 1350 1528 567.
1375 1470 1410 1528 et

295 1575 368 1636 568.
386 1589 427 1635 ex
439 1570 586 1652 Philippi
602 1569 739 1649 coronis,
756 1569 925 1634 11616576.
950 1570 1094 1635 Medium
1110 1569 1145 1635 in
1161 1570 1247 1635 huuc
1263 1569 1411 1636 ordinem

292 1677 502 1760 Empedoclis
517 1695 634 1744 versus
651 1677 806 1758 quosdam
823 1675 1050 1760 Anthologiae
1066 1683 1184 1743 auctor
1200 1677 1409 1759 interposuit,

292 1791 362 1851 tum
380 1783 523 1860 Lucillii,
551 1783 715 1849 Ammiani
733 1786 819 1864 (573.
837 1789 924 1865 674)
949 1791 984 1849 61
1000 1784 1159 1850 Nicarchi
1184 1785 1285 1870 (576.)
1308 1784 1411 1851 inter·

292 1896 465 1974 rumpente
496 1891 643 1974 Philippi
666 1891 974 1958 Thessalonicensis
999 1893 1239 1976 epigrammate
1262 1891 1412 1957 carmina

293 1998 392 2082 legis,
421 1998 569 2066 videmus
597 1999 701 2082 igitur
729 2017 800 2064 cum
828 1996 967 2064 licentia
996 1999 1138 2080 quadam
1166 1998 1347 2081 Cephalum
1375 1997 1411 2063 in

293 2106 356 2171 hac
380 2105 501 2188 capitis
518 2105 596 2171 noni
610 2105 775 2188 particula
791 2105 959 2174 variarum
975 2105 1204 2172 collectionum
1220 2103 1410 2189 fragmenta

294 2230 510 2295 congessisse.

382 2336 498 2417 Neque
523 2337 623 2402 aliter
644 2335 752 2403 iudico
777 2336 817 2403 de
841 2335 1081 2420 epigrammate
1104 2337 1167 2405 VI.
1188 2343 1260 2401 166.
1296 2336 1410 2404 Etiam

294 2443 442 2509 hocloco
459 2444 558 2509 trium
574 2444 826 2526 praecipuarum
841 2462 1036 2511 coronarum
1051 2443 1236 2527 (Meleagri,
1254 2443 1409 2528 Philippi,

293 2549 481 2634 Agathiae)
514 2549 764 2633 epigrammatis
795 2550 1096 2634 Diogenianeorum
1127 2550 1275 2617 carmina
1308 2551 1410 2617 inter-

293 2657 426 2724 miscuit
439 2656 678 2724 Constantinus
688 2657 775 2741 (164.
786 2657 964 2738 Luciani¹),
983 2663 1051 2722 165.
1063 2660 1257 2739 damnavi)
1271 2656 1411 2732 codices,

295 2765 521 2848 corrigendum
544 2764 579 2829 in
595 2763 751 2838 Φλάκκου,
775 2782 841 2830 666
857 2763 1047 2848 echalach
1073 2770 1255 2845 sequuntur
1269 2765 1413 2846 posthac

294 2870 467 2954 Agathiae
480 2869 690 2938 Scholastici.
714 2869 859 2936 Accedit
870 2871 957 2952 qnod
968 2869 1169 2937 simillimum
1182 2879 1411 2954 argumentum

293 2976 454 3044 Lucillius
477 2977 544 3043 XI.
569 2979 643 3039 393.
666 2975 845 3043 tractavit.

382 3103 456 3168 Iam
488 3102 532 3168 ad
564 3120 605 3168 66
638 3101 881 3186 epigrammata
915 3101 1159 3184 perscrutanda
1193 3101 1411 3183 pervenimus,

295 3227 379 3290 quae
396 3210 468 3276 sola
484 3209 624 3276 alterius
640 3209 749 3275 utrius
759 3207 987 3292 Anthologiae
1003 3208 1210 3275 auctoritate
1225 3213 1412 3272 Λουκιλλίου

296 3322 386 3396 sunt,
417 3321 452 3383 et
475 3316 510 3383 in
531 3316 583 3382 his
606 3315 710 3400 primo
734 3317 805 3382 loco
828 3315 869 3382 de
892 3315 955 3400 eis,
979 3332 1064 3396 quae
1089 3321 1148 3380 aut
1172 3314 1335 3381 Palatina
1356 3315 1412 3382 vel

294 3423 467 3490 Planudea
494 3429 555 3490 aut
582 3428 724 3504 utraque
752 3423 880 3489 demum
908 3421 1116 3504 Anthologia
1144 3421 1321 3488 Lucieno
1353 3421 1412 3488 tri·

293 3531 449 3610 huuntur,
472 3530 627 3598 iudicium
651 3529 738 3595 ferre
762 3548 923 3594 conemur.

384 3654 530 3722 Etiamsi
556 3653 742 3738 nuperrime
767 3653 925 3738 Settiusi)
949 3651 1113 3737 singulari
1136 3652 1247 3719 libello
1272 3660 1412 3720 conatus

296 3760 341 3826 sit
358 3760 465 3828 omnia
482 3758 792 3844 quinquagintatria
809 3758 1061 3841 epigrammata,
1079 3777 1164 3840 qnae
1183 3759 1217 3824 in
1229 3760 1412 3826 Jacobitzii

296 3867 452 3934 editionis
479 3867 612 3934 minoris
640 3866 805 3934 volumine
827 3865 894 3930 ΙΙΙ.
918 3865 1080 3948 feruntur,
1111 3864 1339 3932 samosatensi
1362 3885 1413 3932 so·

295 3975 429 4058 phistae
451 3994 511 4059 pro
534 3974 654 4058 spuriis
678 3971 839 4054 evincere,
864 3972 959 4054 eique
982 3971 1162 4054 siclorum)
1185 3972 1285 4055 plane
1307 3971 1411 4039 adsti-

387 4205 408 4268 ¹)
427 4203 490 4260 vide
508 4203 581 4259 inira
599 4219 663 4274 pag.
686 4201 727 4258 10.

386 4293 408 4364 ⁹)
426 4293 586 4350 Knaaclrlns
604 4309 647 4363 ap.
668 4289 813 4348 Susemlhl.
833 4289 891 4346 hiet
917 4289 973 4346 litt.
992 4289 1070 4346 Alex.
1090 4289 1125 4344 11.
1145 4289 1267 4356 61117.

387 4382 407 4452 ³)
425 4382 481 4438 iam
499 4380 618 4438 laudavi.

386 4471 408 4541 ⁴)
428 4469 621 4527 Wochanechr.
641 4469 660 4526 l.
680 4469 766 4525 ilua.
785 4467 857 4524 Phil.
877 4468 954 4536 1811,
974 4469 1027 4522 111
