3460 5218
596 1129 742 1252 tlopat
774 1129 986 1228 alterum.

257 1291 312 1362 De
335 1288 546 1376 minoribus
570 1288 798 1376 quibusdam
822 1288 1136 1376 epigrammatum
1156 1289 1333 1380 syllogis.

505 1541 563 1643 De
591 1467 806 1660 AgathiaeA
826 1575 1081 1659 Daphniacis.

322 1701 507 1786 Agathiam
532 1701 738 1784 Myrinaeum
764 1697 1005 1767 Scholasticum
1028 1706 1166 1784 praeter
1189 1720 1240 1775 ea,
1270 1719 1355 1782 qaae

233 1811 305 1893 ipso
327 1809 362 1876 in
379 1807 516 1892 chlum
539 1807 655 1874 intulit
678 1806 931 1890 epigrammata,
958 1807 1026 1872 alia
1050 1825 1176 1888 quoque
1194 1807 1357 1891 conscrip-

232 1917 317 1982 sisse
348 1918 404 1980 sat
437 1913 598 1998 gravibus
628 1913 831 1980 testimoniis
869 1914 1091 1981 confirmatur.
1145 1914 1240 1981 Dicit
1269 1915 1357 1981 enim

232 2023 304 2105 ipse
327 2021 498 2106 Agathias
533 2021 567 2085 ia
590 2019 819 2086 Historiarum
847 2021 1013 2103 prooemio
1024 2021 1065 2105 ¹)=
1093 2020 1269 2099 ἐτύγχανον
1295 2017 1355 2100 γὰρ

232 2136 355 2205 μᾶλλον
385 2126 422 2207 δή
456 2151 483 2190 τι
513 2128 548 2190 ἐκ
569 2130 693 2190 παίδων
717 2134 761 2212 τῷ
785 2124 881 2211 ῆρώῳ
905 2127 1021 2212 ῥυθμῷ
1044 2124 1212 2203 ἀνειμένος,
1245 2133 1299 2190 καί
1318 2149 1356 2203 με

233 2233 360 2316 ἤρεσκεν
392 2232 431 2297 τίι
464 2231 624 2313 ἡδύσματα
653 2236 718 2297 των
749 2241 802 2314 τῆς
839 2237 999 2314 ποιητικῆς
1034 2233 1268 2313 κομψενμίιτων
1286 2239 1357 2297 ·καί

233 2348 341 2406 τοίνυν
364 2347 531 2420 πεποίηταί
550 2365 605 2417 μοι
627 2342 662 2405 ἐν
683 2340 863 2421 ἑξαμέτροις
885 2343 1004 2422 βραχέα
1028 2338 1106 2404 ίίττα
1132 2341 1304 2424 ποιήματα,
1336 2339 1357 2405 ἃ

234 2448 271 2528 δὴ
287 2445 447 2526 Δαφνιακίι
470 2447 702 2522 ἐπωνόμασται,
726 2445 843 2523 μύθοις
865 2451 923 2510 τισί
946 2451 1167 2524 πεποικιλμένα
1195 2450 1358 2529 ἐρωτικοῖς

234 2561 283 2619 καί
319 2558 383 2618 τῶν
417 2554 576 2617 τοιούτων
610 2552 750 2617 ἀνάπλεα
785 2555 1019 2634 γοητεαμάτων.
1076 2555 1168 2622 Audi
1204 2555 1355 2622 Suidam:

234 2659 391 2741 ’Λγαθίαςι
417 2655 510 2737 οιῖτος
532 2663 680 2738 συνέταξε
703 2667 753 2724 καί
777 2661 866 2743 ἕτερα
881 2668 985 2740 βιβλία
1000 2663 1134 2743 ἔμμετρα
1149 2668 1201 2725 καί
1224 2670 1357 2727 καταλο-

235 2770 345 2849 γάδην,
375 2769 413 2832 τά
437 2792 470 2831 τε
493 2767 671 2845 καλούμενα
695 2768 856 2846 Δαφνιακίι
879 2775 931 2833 καί
954 2767 1011 2833 τὸν
1034 2769 1163 2835 Κύκλον
1186 2778 1252 2834 τῶν
1276 2772 1358 2834 νέων

235 2874 493 2956 ἐπιγραμμάτων,
518 2869 567 2938 ὦν
590 2872 619 2956 (Ρ
644 2873 893 2952 Sternbachius,
917 2893 1026 2943 nonne
1050 2874 1089 2940 ὃν
1113 2874 1355 2960 scribendumP)

235 2980 332 3059 αὐτὸς
355 2985 487 3062 συνῆξεν
511 2983 545 3044 ἐκ
568 2988 633 3044 τῶν
656 2978 737 3044 κατὰ
759 2981 872 3063 καιρὸν
895 2986 1047 3063 ποιητῶν.

325 3087 485 3156 Vidamas
532 3107 610 3172 ergo
645 3087 848 3174 Agathiam,
888 3090 945 3156 ubi
977 3090 1115 3173 primum
1150 3090 1356 3164 adoleverat,

237 3196 362 3262 litteris
386 3213 527 3264 vacasse
543 3201 579 3261 et
595 3196 816 3278 composuisse
837 3198 1006 3278 poematia
1027 3197 1189 3279 quaedam
1205 3196 1357 3264 versibus

239 3302 445 3370 hexametris
469 3302 648 3377 amatoria,
678 3322 763 3384 quae
786 3303 1056 3386 Daphniacomm
1080 3304 1209 3370 nomine
1237 3309 1358 3369 ornata

239 3409 422 3493 colligebat
445 3407 632 3490 poblioique
655 3407 804 3475 faciebat
827 3409 918 3476 iuris.

327 3514 456 3582 Novem
486 3516 590 3582 fuisse
620 3515 722 3582 libros
757 3521 909 3583 testatur
942 3516 1050 3599 ipsum
1079 3515 1255 3600 Agathiae
1290 3515 1357 3598 epi-

229 3643 389 3706 ·gramma
412 3623 530 3705 (anth.
554 3622 627 3688 Pal.
654 3622 715 3690 VI.
742 3623 822 3708 80.):

398 3734 584 3805 Δαφνιακών
606 3734 728 3805 βίβλων
751 3727 875 3808 Ἀγαθία
898 3726 916 3808 ἡ
940 3727 1046 3805 ἐννεὰς
1068 3733 1136 3805 είμι,

443 3835 521 3898 ἀλλά
544 3832 575 3910 μ’
601 3832 620 3898 ὃ
644 3834 791 3915 τεκτηνας
814 3833 929 3898 ἄνθετο
952 3840 1011 3910 σοί,
1036 3841 1152 3914 Παφίη.

399 3938 439 4005 οὐ
462 3941 522 4021 γὰρ
545 3945 716 4022 Πιερίδεσσι
739 3940 837 4005 τόσον
859 3944 954 4017 με’λω,
979 3938 1077 4005 ὅσσον
1096 3938 1219 4020 Ἔρωτι,

445 4047 535 4129 ὄργια
558 4055 733 4112 τοσσατίων
756 4049 952 4126 ἄμφιίπουσα
974 4047 1099 4115 πόθων.

401 4159 483 4218 Αίτεῑ
506 4155 604 4219 δ’ἀντί
626 4154 748 4230 πόνων,
774 4158 827 4218 ἵνα
850 4158 879 4218 ol
903 4153 953 4218 διὰ
977 4170 1043 4219 σεῖο
1066 4162 1175 4236 παρείη

446 4259 463 4342 lp
486 4286 555 4325 τινα
577 4261 619 4341 μὴ
642 4263 767 4338 φιλέειν,
793 4259 811 4342 ἢ
834 4261 916 4340 ταχὺ
939 4263 1138 4344 πειθομένην.

331 4421 352 4490 ²)
371 4419 444 4475 Hist.
463 4435 505 4490 gr.
524 4419 588 4475 mia.
608 4419 650 4476 ed.
671 4418 752 4475 Diod.
771 4418 809 4476 11.
829 4421 889 4476 134.
