3460 5218
695 513 968 618 ’-ιι-

291 727 355 807 μὴν
378 733 449 810 περὶ
464 731 530 792 τῶν
542 735 632 792 Χίων
643 779 653 805 ,
666 725 746 792 ἀλλὰ
760 735 829 811 περὶ
845 738 911 795 τῶν
925 736 1055 810 deploro,
1070 729 1139 796 οὐδ’
1156 729 1206 796 ὅτι
1224 733 1417 813 Δημοδόκου,

294 833 373 898 ἀλλὰ
399 840 565 916 Φωκυλίόη
588 842 751 917 πεποίηται
775 840 906 915 λέγοντι·

380 948 431 1005 καὶ
453 943 526 1006 τόδε
550 946 751 1006 Φωκυλίδεω·
782 945 885 1024 Λέριοι
908 951 1019 1008 κακοί·
1033 942 1128 1024 οὐχὸ
1151 951 1218 1029 μὲν,
1244 945 1278 1023 ὃς
1301 949 1330 1011 δ’
1354 946 1401 1016 οὔ.

432 1050 566 1125 πάντες,
579 1049 662 1130 πλὴν
685 1053 870 1130 Προκλέους
884 1074 891 1088 ·
903 1057 955 1115 καὶ
977 1055 1138 1133 Προκλέης
1160 1056 1278 1134 Λέριος.

292 1162 351 1220 Καὶ
383 1155 561 1233 Εὐστάθιος
590 1158 625 1220 ἐν
655 1160 703 1241 τῷ
736 1161 778 1236 εἰς
812 1156 869 1222 τὸν
899 1159 1094 1240 Περιηγητὴν
1128 1157 1327 1242 ὑπομνήματι
1359 1163 1417 1247 (ad

290 1283 322 1332 v.
342 1262 432 1347 530.)
449 1279 613 1340 συμφωνεῖ
635 1272 680 1348 τῷ
704 1264 872 1344 Στράβωνι
887 1287 892 1300 ·
907 1267 941 1329 ἐν
964 1267 1062 1347 ταύτη
1085 1266 1145 1349 γὰρ
1161 1271 1198 1347 τῇ
1220 1275 1415 1352 πραγματείᾳ

290 1376 466 1448 μονονουχὶ
506 1379 544 1450 τη
578 1372 773 1452 Γεωγρὰφου
817 1372 1015 1453 παραφράσει
1053 1382 1267 1451 φιλοτιμεῖται.
1317 1379 1415 1457 Λέρος

291 1481 325 1540 ol
350 1484 405 1553 μία
428 1486 495 1541 τῶν
518 1477 702 1559 Σποράδων
725 1479 816 1541 ἐστίν.
998 1463 1001 1466 ¹

379 1585 477 1652 Unde
501 1585 680 1652 concludas
699 1586 924 1653 Demodocum
949 1587 1140 1671 Phocylidis
1164 1587 1235 1654 fere
1258 1591 1413 1671 tempori·

288 1693 350 1757 bus
382 1692 523 1770 vixisse;
555 1693 671 1774 itaque
704 1694 733 1759 si
763 1694 908 1778 genuina
939 1702 1053 1760 essent
1085 1695 1338 1779 epigrammata,
1371 1717 1413 1764 ex

288 1797 453 1883 Meleagri
473 1800 636 1883 florilegio
674 1800 861 1866 duxissent.
921 1801 1176 1884 Epigrammata
1216 1807 1412 1866 236.-238.

288 1906 475 1974 rectissima
504 1914 540 1973 et
566 1906 764 1973 firmissimis
790 1907 994 1990 argumentis
1017 1908 1186 1991 Bergkius
1215 1909 1412 1991 posterioris

288 2014 416 2080 aetatis
440 2032 514 2080 esse
531 2014 769 2097 comprobavit.
808 2014 970 2095 Equidem
992 2033 1034 2081 ne
1051 2021 1124 2079 235.
1149 2015 1281 2096 quidem
1296 2017 1409 2099 genui-

287 2139 364 2186 num
389 2140 463 2188 esse
486 2128 609 2204 putem,
640 2141 714 2188 cum
737 2121 914 2189 Strabonis
938 2123 1144 2190 auctoritate
1166 2122 1323 2205 nitamur,
1355 2124 1411 2205 qui

287 2226 501 2311 Phocylidem
526 2230 572 2310 (in
595 2227 832 2312 Demodocum)
861 2229 923 2294 hoc
954 2229 1159 2312 epigramma
1187 2230 1410 2312 composuisse

288 2340 446 2400 testatur.
482 2336 635 2417 Namque
660 2355 731 2403 cum
756 2341 859 2402 antea
874 2337 1082 2402 Demodocus
1105 2336 1140 2402 in
1155 2337 1306 2403 Milesios
1322 2338 1409 2403 Pho·

286 2441 469 2523 cylidisqua
500 2444 646 2524 patriam
674 2444 825 2509 invectus
850 2450 940 2510 esset
975 2443 1106 2510 nomine
1128 2449 1249 2526 poetae
1276 2448 1409 2512 tantum

287 2566 352 2613 non
376 2550 556 2631 appellato,
581 2551 732 2617 Milesius
756 2555 858 2632 poeta
878 2552 912 2615 in
933 2551 1051 2617 Lerios
1071 2551 1226 2618 invectus
1246 2558 1299 2618 est
1322 2552 1410 2619 idem

286 2655 416 2721 nomine
428 2675 494 2721 non
507 2657 636 2735 adlato;
655 2658 714 2723 sed
728 2676 800 2723 curu
814 2658 1021 2724 Demodocus
1033 2677 1118 2724 uuus
1133 2665 1224 2724 esset
1236 2659 1410 2726 Leuiornm

288 2764 479 2844 ceteroquin
503 2765 690 2840 stultorum,
717 2783 790 2830 eum
813 2771 851 2831 ut
869 2783 1053 2847 supremum
1071 2765 1409 2848 gloriosissimumque

287 2870 466 2936 stultorum
501 2871 724 2953 malorumque
759 2871 889 2937 nomine
920 2873 1090 2952 Προκλέης,
1126 2872 1213 2938 unde
1250 2872 1409 2939 facillime

285 2995 396 3043 sumas
427 2977 519 3043 illam
550 2979 733 3061 notionem,
767 2978 962 3061 appellavit.
1009 2979 1191 3045 Demodoci
1221 2983 1312 3044 certe
1342 2998 1408 3045 non

285 3101 359 3150 esse
381 3085 585 3168 epigramma
601 3085 766 3153 evincitur
785 3086 869 3152 vitio
890 3086 948 3151 illo
970 3086 1155 3168 prosodico:
1180 3090 1230 3148 καὶ
1246 3089 1408 3166 Προκλέης

284 3193 317 3253 ot
334 3199 420 3266 Χῖος.
458 3200 537 3267 Χῖος
556 3199 669 3259 autem
686 3198 893 3259 contractum
919 3197 972 3258 est
998 3211 1038 3258 ex
1053 3193 1163 3276 priore
1186 3192 1291 3259 forma
1308 3199 1404 3274 Χίιος,

284 3302 320 3365 et
344 3299 379 3364 in
403 3299 674 3382 inscriptionibus
696 3301 800 3366 babes
824 3299 928 3365 etiam
951 3299 1089 3365 formam
1113 3307 1206 3374 Χεῑος
1229 3305 1263 3365 et
1288 3298 1404 3383 datast)

282 3407 400 3474 Facile
431 3412 544 3473 autem
567 3409 789 3490 corruptelam
818 3407 955 3488 adsequi
982 3407 1073 3473 licet.
1118 3406 1283 3488 Scriptum
1319 3406 1405 3472 enim

284 3519 360 3579 erat
383 3514 419 3580 in
440 3534 541 3582 versu
563 3516 780 3598 Phocylideo:

637 3628 688 3685 καὶ
710 3624 872 3703 Προκλέης
893 3626 1056 3700 obelon,

282 3727 433 3793 ultimum
454 3731 591 3795 verbum
612 3730 724 3796 nescio
746 3747 808 3810 quo
831 3747 911 3794 casn
930 3728 1069 3794 transiit
1088 3727 1121 3791 in
1143 3731 1311 3803 ΔΕΧΙΟΣ;
1336 3725 1403 3791 iam

283 3853 355 3900 cum
380 3832 481 3900 Chios
504 3836 686 3920 legeretur,
714 3835 908 3919 Phocylidis
937 3853 1057 3900 noman
1083 3833 1308 3900 necessarium
1337 3851 1403 3899 non

283 3946 368 4024 erat,
391 3941 489 4007 immo
505 3943 688 4026 molestum,
714 3943 859 4009 mutavit
873 3941 979 4025 igitur
994 3940 1138 4006 falsator
1157 3939 1192 4004 in
1208 3939 1400 4018 Δημοδόκου.

283 4049 405 4130 Itaque
435 4049 520 4115 baec
548 4067 590 4114 ex
615 4033 783 4133 Meleagri
814 4066 934 4115 corona
968 4048 1100 4113 minime
1132 4046 1306 4123 duxerunt,
1343 4047 1402 4112 scd

280 4194 491 4201 ...-.----.

372 4280 391 4350 ¹)
415 4278 450 4333 cl.
475 4278 520 4333 lut.
545 4278 581 4332 ll.
606 4280 693 4342 etun.
721 4279 827 4346 553‚20.
852 4279 959 4344 59334.
982 4277 1088 4342 278μθ.
1125 4276 1223 4331 Draco.
1251 4291 1315 4344 pag.
1341 4274 1400 4328 101.

281 4368 412 4424 Euatatb.
432 4368 475 4423 ad.
496 4368 527 4423 ll.
547 4369 571 4422 Α
590 4384 616 4437 p.
637 4371 678 4422 21.
698 4367 768 4437 Reg.
791 4383 863 4437 pros.
883 4369 926 4424 ut.
940 4398 974 4409 -
994 4366 1057 4422 vida
1077 4365 1235 4434 Goettling:
1254 4364 1398 4420 Accentd.

280 4457 385 4528 grieclr.
406 4457 465 4526 Spr.
485 4457 511 4512 S.
532 4459 592 4512 170.
613 4486 646 4496 -
666 4456 694 4512 Ο.
714 4455 737 4511 Ι.
757 4455 789 4510 G.
809 4460 889 4513 6402.
909 4462 938 4513 et
956 4457 1036 4512 5728.
