<?xml version="1.0" encoding="UTF-8"?>
<!DOCTYPE html PUBLIC "-//W3C//DTD XHTML 1.0 Transitional//EN"
    "http://www.w3.org/TR/xhtml1/DTD/xhtml1-transitional.dtd">
<html xmlns="http://www.w3.org/1999/xhtml" xml:lang="en" lang="en">
 <head>
  <title>
</title>
<meta http-equiv="Content-Type" content="text/html;charset=utf-8" />
  <meta name='ocr-system' content='tesseract 3.04.00' />
  <meta name='ocr-capabilities' content='ocr_page ocr_carea ocr_par ocr_line ocrx_word'/>
</head>
<body>
  <div class='ocr_page' id='page_1' title='image "./deanthologiapal00sakogoog_0051.png"; bbox 0 0 3460 5218; ppageno 0'>
   <div class='ocr_carea' id='block_1_1' title="bbox 773 543 992 604">
    <p class='ocr_par' dir='ltr' id='par_1_1' title="bbox 773 543 992 604">
     <span class='ocr_line' id='line_1_1' title="bbox 773 543 992 604; baseline 0.014 -19"><span class='ocrx_word' id='word_1_1' title='bbox 773 543 992 604; x_wconf 81' lang='lat'>...40-</span> 
     </span>
    </p>
   </div>
   <div class='ocr_carea' id='block_1_2' title="bbox 321 715 1447 894">
    <p class='ocr_par' dir='ltr' id='par_1_2' title="bbox 321 715 1447 894">
     <span class='ocr_line' id='line_1_2' title="bbox 321 715 1447 803; baseline 0.002 -20"><span class='ocrx_word' id='word_1_2' title='bbox 321 715 491 797; x_wconf 87' lang='lat' dir='ltr'>Nicarchi,</span> <span class='ocrx_word' id='word_1_3' title='bbox 516 735 581 783; x_wconf 91' lang='lat' dir='ltr'>non</span> <span class='ocrx_word' id='word_1_4' title='bbox 597 717 761 784; x_wconf 84' lang='lat' dir='ltr'><strong>Nicandri</strong></span> <span class='ocrx_word' id='word_1_5' title='bbox 777 717 882 803; x_wconf 88' lang='lat' dir='ltr'>est¹);</span> <span class='ocrx_word' id='word_1_6' title='bbox 899 737 950 799; x_wconf 91' lang='lat' dir='ltr'>en,</span> <span class='ocrx_word' id='word_1_7' title='bbox 971 719 1074 784; x_wconf 90' lang='lat' dir='ltr'>habes</span> <span class='ocrx_word' id='word_1_8' title='bbox 1091 719 1230 785; x_wconf 90' lang='lat' dir='ltr'>eundem</span> <span class='ocrx_word' id='word_1_9' title='bbox 1247 718 1447 785; x_wconf 89' lang='lat' dir='ltr'>Nicarchum</span> 
     </span>
     <span class='ocr_line' id='line_1_3' title="bbox 323 821 1447 894; baseline 0.003 -5"><span class='ocrx_word' id='word_1_10' title='bbox 323 823 488 889; x_wconf 88' lang='lat' dir='ltr'>amatoria</span> <span class='ocrx_word' id='word_1_11' title='bbox 526 828 562 890; x_wconf 88' lang='lat' dir='ltr'>et</span> <span class='ocrx_word' id='word_1_12' title='bbox 600 824 744 890; x_wconf 88' lang='lat' dir='ltr'>obscena</span> <span class='ocrx_word' id='word_1_13' title='bbox 783 824 1003 892; x_wconf 85' lang='lat' dir='ltr'>adamantem.</span> <span class='ocrx_word' id='word_1_14' title='bbox 1043 821 1205 892; x_wconf 85' lang='lat' dir='ltr'>Conferas</span> <span class='ocrx_word' id='word_1_15' title='bbox 1242 826 1284 894; x_wconf 90' lang='lat' dir='ltr'>V.</span> <span class='ocrx_word' id='word_1_16' title='bbox 1319 832 1371 891; x_wconf 87' lang='lat'>40.</span> <span class='ocrx_word' id='word_1_17' title='bbox 1406 826 1447 892; x_wconf 90' lang='lat' dir='ltr'>de</span> 
     </span>
    </p>
   </div>
   <div class='ocr_carea' id='block_1_3' title="bbox 215 929 1570 1119">
    <p class='ocr_par' dir='ltr' id='par_1_3' title="bbox 215 929 1570 1119">
     <span class='ocr_line' id='line_1_4' title="bbox 215 929 1445 1016; baseline -0.004 -18"><span class='ocrx_word' id='word_1_18' title='bbox 215 957 217 960; x_wconf 85' lang='lat'>·</span> <span class='ocrx_word' id='word_1_19' title='bbox 320 933 517 998; x_wconf 81' lang='lat' dir='ltr'>Philumena</span> <span class='ocrx_word' id='word_1_20' title='bbox 547 950 578 998; x_wconf 86' lang='lat' dir='ltr'>v.</span> <span class='ocrx_word' id='word_1_21' title='bbox 605 939 646 994; x_wconf 87' lang='lat'>9.:</span> <span class='ocrx_word' id='word_1_22' title='bbox 672 929 711 1014; x_wconf 80' lang='grc' dir='ltr'>ἢν</span> <span class='ocrx_word' id='word_1_23' title='bbox 739 932 774 995; x_wconf 82' lang='grc' dir='ltr'>ἐν</span> <span class='ocrx_word' id='word_1_24' title='bbox 796 937 904 1013; x_wconf 77' lang='grc' dir='ltr'><em>γαστρὶ</em></span> <span class='ocrx_word' id='word_1_25' title='bbox 932 931 1061 1016; x_wconf 60' lang='grc' dir='ltr'>λάβῃςῖ)</span> <span class='ocrx_word' id='word_1_26' title='bbox 1191 951 1264 999; x_wconf 85' lang='lat' dir='ltr'>uum</span> <span class='ocrx_word' id='word_1_27' title='bbox 1296 933 1364 998; x_wconf 90' lang='lat' dir='ltr'>XI.</span> <span class='ocrx_word' id='word_1_28' title='bbox 1392 939 1445 995; x_wconf 87' lang='lat'>18:</span> 
     </span>
     <span class='ocr_line' id='line_1_5' title="bbox 321 1035 1570 1119; baseline -0.002 -17"><span class='ocrx_word' id='word_1_29' title='bbox 321 1038 380 1102; x_wconf 82' lang='grc' dir='ltr'>οὐκ</span> <span class='ocrx_word' id='word_1_30' title='bbox 402 1039 437 1102; x_wconf 81' lang='grc' dir='ltr'>ἐν</span> <span class='ocrx_word' id='word_1_31' title='bbox 459 1043 566 1119; x_wconf 77' lang='grc' dir='ltr'><em>γαστρὶ</em></span> <span class='ocrx_word' id='word_1_32' title='bbox 589 1041 740 1115; x_wconf 79' lang='grc' dir='ltr'><strong><em>λαβοῦσα,</em></strong></span> <span class='ocrx_word' id='word_1_33' title='bbox 767 1044 934 1114; x_wconf 76' lang='grc' dir='ltr'><strong><em>Φιλαίνιον,</em></strong></span> <span class='ocrx_word' id='word_1_34' title='bbox 960 1061 1050 1113; x_wconf 89' lang='grc'><strong>....;</strong></span> <span class='ocrx_word' id='word_1_35' title='bbox 1073 1046 1144 1105; x_wconf 87' lang='lat' dir='ltr'>tum</span> <span class='ocrx_word' id='word_1_36' title='bbox 1165 1039 1206 1108; x_wconf 84' lang='lat' dir='ltr'>V.</span> <span class='ocrx_word' id='word_1_37' title='bbox 1234 1046 1324 1116; x_wconf 84' lang='lat'>38,1:</span> <span class='ocrx_word' id='word_1_38' title='bbox 1352 1035 1391 1102; x_wconf 82' lang='grc' dir='ltr'>ἂν</span> <span class='ocrx_word' id='word_1_39' title='bbox 1414 1062 1447 1101; x_wconf 81' lang='grc' dir='ltr'>τε</span> <span class='ocrx_word' id='word_1_40' title='bbox 1568 1107 1570 1111; x_wconf 56' lang='grc'>,</span> 
     </span>
    </p>
   </div>
   <div class='ocr_carea' id='block_1_4' title="bbox 320 1141 1447 1442">
    <p class='ocr_par' dir='ltr' id='par_1_4' title="bbox 320 1141 1447 1442">
     <span class='ocr_line' id='line_1_6' title="bbox 323 1141 1447 1226; baseline 0.002 -19"><span class='ocrx_word' id='word_1_41' title='bbox 323 1150 373 1208; x_wconf 76' lang='grc' dir='ltr'>καὶ</span> <span class='ocrx_word' id='word_1_42' title='bbox 397 1142 496 1224; x_wconf 82' lang='grc' dir='ltr'><em>ἀκμῆς</em></span> <span class='ocrx_word' id='word_1_43' title='bbox 526 1141 638 1226; x_wconf 68' lang='grc' dir='ltr'><em>ἕσπητ’</em></span> <span class='ocrx_word' id='word_1_44' title='bbox 762 1163 835 1211; x_wconf 88' lang='lat' dir='ltr'>cum</span> <span class='ocrx_word' id='word_1_45' title='bbox 857 1146 923 1212; x_wconf 91' lang='lat' dir='ltr'>XI.</span> <span class='ocrx_word' id='word_1_46' title='bbox 949 1151 1005 1210; x_wconf 83' lang='lat'>71:</span> <span class='ocrx_word' id='word_1_47' title='bbox 1030 1143 1147 1226; x_wconf 76' lang='grc' dir='ltr'><em>ἤκμασε</em></span> <span class='ocrx_word' id='word_1_48' title='bbox 1177 1147 1328 1226; x_wconf 81' lang='grc' dir='ltr'><strong><em>Νικονόη,</em></strong></span> <span class='ocrx_word' id='word_1_49' title='bbox 1360 1142 1447 1225; x_wconf 78' lang='grc' dir='ltr'>κάγώ</span> 
     </span>
     <span class='ocr_line' id='line_1_7' title="bbox 321 1249 1445 1337; baseline 0.006 -23"><span class='ocrx_word' id='word_1_50' title='bbox 321 1253 412 1330; x_wconf 79' lang='grc' dir='ltr'><strong><em>λέγω,</em></strong></span> <span class='ocrx_word' id='word_1_51' title='bbox 437 1249 552 1332; x_wconf 75' lang='grc' dir='ltr'><em>ἤκμασε</em></span> <span class='ocrx_word' id='word_1_52' title='bbox 583 1252 611 1314; x_wconf 74' lang='grc' dir='ltr'>δ’</span> <span class='ocrx_word' id='word_1_53' title='bbox 644 1251 721 1332; x_wconf 69' lang='grc' dir='ltr'>αὐτῇ</span> <span class='ocrx_word' id='word_1_54' title='bbox 747 1299 754 1315; x_wconf 94' lang='grc'><strong>.</strong></span> <span class='ocrx_word' id='word_1_55' title='bbox 781 1297 787 1312; x_wconf 92' lang='grc'><strong>.</strong></span> <span class='ocrx_word' id='word_1_56' title='bbox 813 1302 820 1316; x_wconf 94' lang='grc'><strong>.</strong></span> <span class='ocrx_word' id='word_1_57' title='bbox 846 1273 872 1336; x_wconf 82' lang='grc'>.;</span> <span class='ocrx_word' id='word_1_58' title='bbox 901 1251 1020 1319; x_wconf 81' lang='lat' dir='ltr'>deinde</span> <span class='ocrx_word' id='word_1_59' title='bbox 1052 1257 1284 1337; x_wconf 80' lang='lat' dir='ltr'>argumentum</span> <span class='ocrx_word' id='word_1_60' title='bbox 1317 1253 1358 1320; x_wconf 90' lang='lat' dir='ltr'>V.</span> <span class='ocrx_word' id='word_1_61' title='bbox 1392 1257 1445 1321; x_wconf 80' lang='lat'>38.</span> 
     </span>
     <span class='ocr_line' id='line_1_8' title="bbox 320 1358 1444 1442; baseline 0.004 -19"><span class='ocrx_word' id='word_1_62' title='bbox 320 1358 406 1423; x_wconf 90' lang='lat' dir='ltr'>idem</span> <span class='ocrx_word' id='word_1_63' title='bbox 431 1362 484 1424; x_wconf 88' lang='lat' dir='ltr'>est</span> <span class='ocrx_word' id='word_1_64' title='bbox 508 1364 609 1439; x_wconf 90' lang='lat' dir='ltr'>atque</span> <span class='ocrx_word' id='word_1_65' title='bbox 626 1359 691 1424; x_wconf 91' lang='lat' dir='ltr'>XI.</span> <span class='ocrx_word' id='word_1_66' title='bbox 718 1363 769 1421; x_wconf 83' lang='lat'>71.</span> <span class='ocrx_word' id='word_1_67' title='bbox 793 1362 830 1423; x_wconf 93' lang='lat' dir='ltr'>et</span> <span class='ocrx_word' id='word_1_68' title='bbox 855 1362 922 1435; x_wconf 84' lang='lat'>73.;</span> <span class='ocrx_word' id='word_1_69' title='bbox 948 1359 989 1428; x_wconf 87' lang='lat' dir='ltr'>V.</span> <span class='ocrx_word' id='word_1_70' title='bbox 1014 1365 1067 1422; x_wconf 87' lang='grc'>40.</span> <span class='ocrx_word' id='word_1_71' title='bbox 1092 1358 1248 1425; x_wconf 80' lang='lat' dir='ltr'>carminis</span> <span class='ocrx_word' id='word_1_72' title='bbox 1273 1377 1444 1442; x_wconf 89' lang='lat' dir='ltr'>argumen-</span> 
     </span>
    </p>
   </div>
   <div class='ocr_carea' id='block_1_5' title="bbox 321 1463 1633 1557">
    <p class='ocr_par' dir='ltr' id='par_1_5' title="bbox 321 1463 1633 1557">
     <span class='ocr_line' id='line_1_9' title="bbox 321 1463 1633 1557; baseline -0.002 -28"><span class='ocrx_word' id='word_1_73' title='bbox 321 1469 389 1530; x_wconf 86' lang='lat' dir='ltr'>tum</span> <span class='ocrx_word' id='word_1_74' title='bbox 414 1463 515 1530; x_wconf 84' lang='lat' dir='ltr'>facile</span> <span class='ocrx_word' id='word_1_75' title='bbox 538 1464 744 1547; x_wconf 86' lang='lat' dir='ltr'>componitur</span> <span class='ocrx_word' id='word_1_76' title='bbox 761 1482 833 1530; x_wconf 91' lang='lat' dir='ltr'>cum</span> <span class='ocrx_word' id='word_1_77' title='bbox 848 1464 915 1530; x_wconf 92' lang='lat' dir='ltr'>XI.</span> <span class='ocrx_word' id='word_1_78' title='bbox 943 1471 1006 1548; x_wconf 87' lang='lat'>18.;</span> <span class='ocrx_word' id='word_1_79' title='bbox 1030 1484 1127 1548; x_wconf 89' lang='lat' dir='ltr'>porro</span> <span class='ocrx_word' id='word_1_80' title='bbox 1150 1465 1291 1531; x_wconf 87' lang='lat' dir='ltr'>nominis</span> <span class='ocrx_word' id='word_1_81' title='bbox 1307 1471 1446 1540; x_wconf 72' lang='grc' dir='ltr'><strong><em>Σίμυλος</em></strong></span> <span class='ocrx_word' id='word_1_82' title='bbox 1571 1554 1573 1557; x_wconf 14' lang='lat'><strong><em>¹</em></strong></span> <span class='ocrx_word' id='word_1_83' title='bbox 1630 1513 1633 1519; x_wconf 89' lang='lat'>.</span> 
     </span>
    </p>
   </div>
   <div class='ocr_carea' id='block_1_6' title="bbox 318 1570 1458 2830">
    <p class='ocr_par' dir='ltr' id='par_1_6' title="bbox 318 1570 1445 2722">
     <span class='ocr_line' id='line_1_10' title="bbox 320 1570 1445 1655; baseline 0.003 -21"><span class='ocrx_word' id='word_1_84' title='bbox 320 1571 484 1637; x_wconf 82' lang='lat' dir='ltr'>mentione</span> <span class='ocrx_word' id='word_1_85' title='bbox 528 1570 726 1637; x_wconf 84' lang='lat' dir='ltr'>imitabatur</span> <span class='ocrx_word' id='word_1_86' title='bbox 763 1570 949 1638; x_wconf 86' lang='lat' dir='ltr'>Nicarchus</span> <span class='ocrx_word' id='word_1_87' title='bbox 995 1570 1193 1655; x_wconf 59' lang='lat' dir='ltr'>Lucilium)</span> <span class='ocrx_word' id='word_1_88' title='bbox 1229 1572 1321 1652; x_wconf 82' lang='lat' dir='ltr'>(Xi.¹</span> <span class='ocrx_word' id='word_1_89' title='bbox 1352 1575 1445 1650; x_wconf 72' lang='lat' dir='ltr'>lau).</span> 
     </span>
     <span class='ocr_line' id='line_1_11' title="bbox 319 1677 1445 1761; baseline 0.001 -18"><span class='ocrx_word' id='word_1_90' title='bbox 319 1678 442 1758; x_wconf 88' lang='lat' dir='ltr'>Itaque</span> <span class='ocrx_word' id='word_1_91' title='bbox 473 1677 716 1761; x_wconf 82' lang='lat' dir='ltr'>epigrammata</span> <span class='ocrx_word' id='word_1_92' title='bbox 747 1678 789 1746; x_wconf 89' lang='lat' dir='ltr'>V.</span> <span class='ocrx_word' id='word_1_93' title='bbox 822 1681 973 1742; x_wconf 74' lang='lat' dir='ltr'>aa-oo.</span> <span class='ocrx_word' id='word_1_94' title='bbox 1006 1679 1110 1746; x_wconf 90' lang='lat' dir='ltr'>eidem</span> <span class='ocrx_word' id='word_1_95' title='bbox 1134 1679 1319 1756; x_wconf 88' lang='lat' dir='ltr'>Nicarcho‚</span> <span class='ocrx_word' id='word_1_96' title='bbox 1353 1677 1445 1744; x_wconf 89' lang='lat' dir='ltr'>cuius</span> 
     </span>
     <span class='ocr_line' id='line_1_12' title="bbox 318 1783 1445 1868; baseline -0.002 -18"><span class='ocrx_word' id='word_1_97' title='bbox 318 1803 428 1868; x_wconf 84' lang='lat' dir='ltr'>nugae</span> <span class='ocrx_word' id='word_1_98' title='bbox 451 1784 534 1850; x_wconf 86' lang='lat' dir='ltr'>libro</span> <span class='ocrx_word' id='word_1_99' title='bbox 558 1783 728 1850; x_wconf 89' lang='lat' dir='ltr'>undecimo</span> <span class='ocrx_word' id='word_1_100' title='bbox 748 1783 896 1850; x_wconf 81' lang='lat' dir='ltr'>insertae</span> <span class='ocrx_word' id='word_1_101' title='bbox 913 1789 1000 1866; x_wconf 88' lang='lat' dir='ltr'>sunt,</span> <span class='ocrx_word' id='word_1_102' title='bbox 1017 1784 1089 1850; x_wconf 89' lang='lat' dir='ltr'>iure</span> <span class='ocrx_word' id='word_1_103' title='bbox 1105 1803 1145 1849; x_wconf 90' lang='lat' dir='ltr'>ao</span> <span class='ocrx_word' id='word_1_104' title='bbox 1161 1785 1280 1851; x_wconf 88' lang='lat' dir='ltr'>merito</span> <span class='ocrx_word' id='word_1_105' title='bbox 1296 1784 1445 1851; x_wconf 83' lang='lat' dir='ltr'>tribuere</span> 
     </span>
     <span class='ocr_line' id='line_1_13' title="bbox 319 1890 1445 1974; baseline -0.002 -17"><span class='ocrx_word' id='word_1_106' title='bbox 319 1909 502 1974; x_wconf 84' lang='lat' dir='ltr'>possumus.</span> <span class='ocrx_word' id='word_1_107' title='bbox 551 1890 678 1957; x_wconf 84' lang='lat' dir='ltr'>Contra</span> <span class='ocrx_word' id='word_1_108' title='bbox 706 1891 773 1956; x_wconf 92' lang='grc' dir='ltr'>ΧΙ.</span> <span class='ocrx_word' id='word_1_109' title='bbox 807 1895 881 1954; x_wconf 86' lang='grc'><strong>330.</strong></span> <span class='ocrx_word' id='word_1_110' title='bbox 913 1891 1013 1974; x_wconf 88' lang='lat' dir='ltr'>plone</span> <span class='ocrx_word' id='word_1_111' title='bbox 1042 1890 1144 1956; x_wconf 89' lang='lat' dir='ltr'>aliam</span> <span class='ocrx_word' id='word_1_112' title='bbox 1167 1896 1288 1973; x_wconf 87' lang='lat' dir='ltr'>poetae</span> <span class='ocrx_word' id='word_1_113' title='bbox 1320 1890 1445 1974; x_wconf 88' lang='lat' dir='ltr'>ingenii</span> 
     </span>
     <span class='ocr_line' id='line_1_14' title="bbox 319 1997 1444 2081; baseline -0.001 -17"><span class='ocrx_word' id='word_1_114' title='bbox 319 1999 463 2081; x_wconf 87' lang='lat' dir='ltr'>speciem</span> <span class='ocrx_word' id='word_1_115' title='bbox 485 2016 567 2081; x_wconf 86' lang='lat' dir='ltr'>prae</span> <span class='ocrx_word' id='word_1_116' title='bbox 591 2017 627 2064; x_wconf 87' lang='lat' dir='ltr'>se</span> <span class='ocrx_word' id='word_1_117' title='bbox 650 1997 728 2063; x_wconf 87' lang='lat' dir='ltr'>fert.</span> <span class='ocrx_word' id='word_1_118' title='bbox 771 1997 935 2081; x_wconf 85' lang='lat' dir='ltr'>Dialogus</span> <span class='ocrx_word' id='word_1_119' title='bbox 959 1997 1047 2063; x_wconf 86' lang='lat' dir='ltr'>enim</span> <span class='ocrx_word' id='word_1_120' title='bbox 1070 2003 1123 2064; x_wconf 84' lang='lat' dir='ltr'>ost</span> <span class='ocrx_word' id='word_1_121' title='bbox 1146 1998 1236 2064; x_wconf 87' lang='lat' dir='ltr'>inter</span> <span class='ocrx_word' id='word_1_122' title='bbox 1258 1999 1385 2064; x_wconf 91' lang='lat' dir='ltr'>Panem</span> <span class='ocrx_word' id='word_1_123' title='bbox 1402 2007 1444 2063; x_wconf 84' lang='lat' dir='ltr'>et</span> 
     </span>
     <span class='ocr_line' id='line_1_15' title="bbox 318 2097 1442 2188; baseline -0.002 -18"><span class='ocrx_word' id='word_1_124' title='bbox 318 2097 602 2188; x_wconf 85' lang='lat' dir='ltr'>peregrinantem,</span> <span class='ocrx_word' id='word_1_125' title='bbox 631 2103 782 2187; x_wconf 88' lang='lat' dir='ltr'>inprimis</span> <span class='ocrx_word' id='word_1_126' title='bbox 812 2103 884 2187; x_wconf 90' lang='lat' dir='ltr'>ipse</span> <span class='ocrx_word' id='word_1_127' title='bbox 913 2105 987 2170; x_wconf 90' lang='lat' dir='ltr'>Pan</span> <span class='ocrx_word' id='word_1_128' title='bbox 1017 2104 1162 2185; x_wconf 89' lang='lat' dir='ltr'>loquitur</span> <span class='ocrx_word' id='word_1_129' title='bbox 1192 2110 1329 2171; x_wconf 83' lang='lat' dir='ltr'>statuae</span> <span class='ocrx_word' id='word_1_130' title='bbox 1357 2104 1442 2181; x_wconf 84' lang='lat' dir='ltr'>loco;</span> 
     </span>
     <span class='ocr_line' id='line_1_16' title="bbox 319 2210 1444 2294; baseline -0.001 -17"><span class='ocrx_word' id='word_1_131' title='bbox 319 2211 484 2278; x_wconf 81' lang='lat' dir='ltr'>dialectos</span> <span class='ocrx_word' id='word_1_132' title='bbox 518 2217 630 2278; x_wconf 88' lang='lat' dir='ltr'>autem</span> <span class='ocrx_word' id='word_1_133' title='bbox 662 2211 775 2278; x_wconf 87' lang='lat' dir='ltr'>dorica</span> <span class='ocrx_word' id='word_1_134' title='bbox 807 2216 878 2289; x_wconf 89' lang='lat' dir='ltr'>cst;</span> <span class='ocrx_word' id='word_1_135' title='bbox 910 2230 995 2293; x_wconf 88' lang='lat' dir='ltr'>quae</span> <span class='ocrx_word' id='word_1_136' title='bbox 1026 2211 1136 2277; x_wconf 92' lang='lat' dir='ltr'>omnia</span> <span class='ocrx_word' id='word_1_137' title='bbox 1165 2230 1326 2293; x_wconf 90' lang='lat' dir='ltr'>nusquam</span> <span class='ocrx_word' id='word_1_138' title='bbox 1357 2210 1444 2294; x_wconf 89' lang='lat' dir='ltr'>apud</span> 
     </span>
     <span class='ocr_line' id='line_1_17' title="bbox 318 2317 1443 2402; baseline -0.002 -17"><span class='ocrx_word' id='word_1_139' title='bbox 318 2319 522 2386; x_wconf 88' lang='lat' dir='ltr'>Nicarcham</span> <span class='ocrx_word' id='word_1_140' title='bbox 545 2317 704 2384; x_wconf 89' lang='lat' dir='ltr'>iuniorem</span> <span class='ocrx_word' id='word_1_141' title='bbox 728 2317 950 2385; x_wconf 86' lang='lat' dir='ltr'>inveniuntur.</span> <span class='ocrx_word' id='word_1_142' title='bbox 997 2318 1120 2399; x_wconf 90' lang='lat' dir='ltr'>Itaque</span> <span class='ocrx_word' id='word_1_143' title='bbox 1148 2320 1209 2384; x_wconf 91' lang='lat' dir='ltr'>hoc</span> <span class='ocrx_word' id='word_1_144' title='bbox 1242 2319 1443 2402; x_wconf 87' lang='lat' dir='ltr'>epigramma</span> 
     </span>
     <span class='ocr_line' id='line_1_18' title="bbox 318 2424 1441 2509; baseline -0.001 -19"><span class='ocrx_word' id='word_1_145' title='bbox 318 2425 390 2493; x_wconf 89' lang='lat' dir='ltr'>iure</span> <span class='ocrx_word' id='word_1_146' title='bbox 414 2428 456 2491; x_wconf 89' lang='lat' dir='ltr'>ab</span> <span class='ocrx_word' id='word_1_147' title='bbox 480 2426 537 2491; x_wconf 93' lang='lat' dir='ltr'>illo</span> <span class='ocrx_word' id='word_1_148' title='bbox 561 2432 663 2509; x_wconf 90' lang='lat' dir='ltr'>poeta</span> <span class='ocrx_word' id='word_1_149' title='bbox 687 2425 957 2491; x_wconf 90' lang='lat' dir='ltr'>abiudicabimus.</span> <span class='ocrx_word' id='word_1_150' title='bbox 1003 2427 1077 2491; x_wconf 91' lang='lat' dir='ltr'>Iam</span> <span class='ocrx_word' id='word_1_151' title='bbox 1100 2424 1281 2506; x_wconf 88' lang='lat' dir='ltr'>videamus,</span> <span class='ocrx_word' id='word_1_152' title='bbox 1307 2425 1358 2490; x_wconf 93' lang='lat' dir='ltr'>cui</span> <span class='ocrx_word' id='word_1_153' title='bbox 1382 2424 1441 2489; x_wconf 86' lang='lat' dir='ltr'>tri·</span> 
     </span>
     <span class='ocr_line' id='line_1_19' title="bbox 319 2531 1441 2615; baseline -0.003 -16"><span class='ocrx_word' id='word_1_154' title='bbox 319 2533 481 2600; x_wconf 88' lang='lat' dir='ltr'>buendnm</span> <span class='ocrx_word' id='word_1_155' title='bbox 500 2533 554 2599; x_wconf 89' lang='lat' dir='ltr'>sit.</span> <span class='ocrx_word' id='word_1_156' title='bbox 580 2533 859 2600; x_wconf 86' lang='lat' dir='ltr'>Stadtmuellerus</span> <span class='ocrx_word' id='word_1_157' title='bbox 875 2533 897 2598; x_wconf 94' lang='lat' dir='ltr'>l.</span> <span class='ocrx_word' id='word_1_158' title='bbox 914 2533 936 2598; x_wconf 91' lang='lat' dir='ltr'>l.</span> <span class='ocrx_word' id='word_1_159' title='bbox 954 2533 1121 2615; x_wconf 86' lang='lat' dir='ltr'>cogitavit</span> <span class='ocrx_word' id='word_1_160' title='bbox 1137 2532 1178 2598; x_wconf 90' lang='lat' dir='ltr'>de</span> <span class='ocrx_word' id='word_1_161' title='bbox 1189 2531 1289 2598; x_wconf 88' lang='lat' dir='ltr'>Nicia</span> <span class='ocrx_word' id='word_1_162' title='bbox 1306 2531 1441 2613; x_wconf 87' lang='lat' dir='ltr'>medico,</span> 
     </span>
     <span class='ocr_line' id='line_1_20' title="bbox 320 2637 1443 2722; baseline 0 -18"><span class='ocrx_word' id='word_1_163' title='bbox 320 2639 490 2705; x_wconf 80' lang='lat' dir='ltr'>Theocriti</span> <span class='ocrx_word' id='word_1_164' title='bbox 514 2639 619 2705; x_wconf 89' lang='lat' dir='ltr'>amico</span> <span class='ocrx_word' id='word_1_165' title='bbox 635 2639 776 2715; x_wconf 90' lang='lat' dir='ltr'>Milesio,</span> <span class='ocrx_word' id='word_1_166' title='bbox 794 2639 886 2706; x_wconf 86' lang='lat' dir='ltr'>cuius</span> <span class='ocrx_word' id='word_1_167' title='bbox 902 2638 938 2704; x_wconf 92' lang='lat' dir='ltr'>in</span> <span class='ocrx_word' id='word_1_168' title='bbox 952 2639 1161 2722; x_wconf 86' lang='lat' dir='ltr'>Anthologia</span> <span class='ocrx_word' id='word_1_169' title='bbox 1177 2637 1337 2704; x_wconf 88' lang='lat' dir='ltr'>Palatina</span> <span class='ocrx_word' id='word_1_170' title='bbox 1359 2638 1443 2704; x_wconf 90' lang='lat' dir='ltr'>haec</span> 
     </span>
    </p>

    <p class='ocr_par' dir='ltr' id='par_1_7' title="bbox 318 2739 1458 2830">
     <span class='ocr_line' id='line_1_21' title="bbox 318 2739 1458 2830; baseline -0.005 -19"><span class='ocrx_word' id='word_1_171' title='bbox 318 2745 531 2812; x_wconf 86' lang='lat' dir='ltr'>inveniuntur</span> <span class='ocrx_word' id='word_1_172' title='bbox 555 2746 813 2830; x_wconf 87' lang='lat' dir='ltr'>epigrammata:</span> <span class='ocrx_word' id='word_1_173' title='bbox 1456 2739 1458 2742; x_wconf 80' lang='grc'><strong>’</strong></span> 
     </span>
    </p>
   </div>
   <div class='ocr_carea' id='block_1_7' title="bbox 276 2868 1439 3061">
    <p class='ocr_par' dir='ltr' id='par_1_8' title="bbox 276 2868 1439 3061">
     <span class='ocr_line' id='line_1_22' title="bbox 409 2868 1439 2953; baseline -0.005 -14"><span class='ocrx_word' id='word_1_174' title='bbox 409 2870 472 2939; x_wconf 89' lang='lat' dir='ltr'>VI.</span> <span class='ocrx_word' id='word_1_175' title='bbox 493 2875 565 2934; x_wconf 85' lang='lat'>122.</span> <span class='ocrx_word' id='word_1_176' title='bbox 591 2869 742 2953; x_wconf 89' lang='lat' dir='ltr'>dialogus</span> <span class='ocrx_word' id='word_1_177' title='bbox 765 2869 855 2935; x_wconf 90' lang='lat' dir='ltr'>inter</span> <span class='ocrx_word' id='word_1_178' title='bbox 879 2868 1078 2935; x_wconf 86' lang='lat' dir='ltr'>Maenadem</span> <span class='ocrx_word' id='word_1_179' title='bbox 1102 2872 1137 2934; x_wconf 92' lang='lat' dir='ltr'>et</span> <span class='ocrx_word' id='word_1_180' title='bbox 1161 2869 1439 2952; x_wconf 87' lang='lat' dir='ltr'>peregrinantem,</span> 
     </span>
     <span class='ocr_line' id='line_1_23' title="bbox 276 2975 1110 3061; baseline -0.001 -19"><span class='ocrx_word' id='word_1_181' title='bbox 276 2981 278 2985; x_wconf 70' lang='lat'>‘</span> <span class='ocrx_word' id='word_1_182' title='bbox 323 2975 467 3042; x_wconf 87' lang='lat' dir='ltr'>dialecto</span> <span class='ocrx_word' id='word_1_183' title='bbox 492 2976 615 3061; x_wconf 85' lang='lat' dir='ltr'>dorica,</span> <span class='ocrx_word' id='word_1_184' title='bbox 639 2977 729 3042; x_wconf 89' lang='lat' dir='ltr'>inter</span> <span class='ocrx_word' id='word_1_185' title='bbox 751 2977 960 3058; x_wconf 86' lang='lat' dir='ltr'>Meleagreos</span> <span class='ocrx_word' id='word_1_186' title='bbox 983 2980 1110 3058; x_wconf 87' lang='lat' dir='ltr'>poetas.</span> 
     </span>
    </p>
   </div>
   <div class='ocr_carea' id='block_1_8' title="bbox 317 3099 1462 3291">
    <p class='ocr_par' dir='ltr' id='par_1_9' title="bbox 317 3099 1462 3291">
     <span class='ocr_line' id='line_1_24' title="bbox 359 3099 1440 3183; baseline -0.006 -11"><span class='ocrx_word' id='word_1_187' title='bbox 359 3119 361 3123; x_wconf 87' lang='grc'><strong><em>·</em></strong></span> <span class='ocrx_word' id='word_1_188' title='bbox 405 3102 468 3172; x_wconf 75' lang='grc' dir='ltr'>Ἦ.</span> <span class='ocrx_word' id='word_1_189' title='bbox 502 3106 572 3165; x_wconf 82' lang='lat'>127.</span> <span class='ocrx_word' id='word_1_190' title='bbox 608 3101 789 3166; x_wconf 88' lang='lat' dir='ltr'>anathema</span> <span class='ocrx_word' id='word_1_191' title='bbox 820 3101 952 3166; x_wconf 91' lang='lat' dir='ltr'>Dianae</span> <span class='ocrx_word' id='word_1_192' title='bbox 988 3099 1178 3166; x_wconf 88' lang='lat' dir='ltr'>dedicatum</span> <span class='ocrx_word' id='word_1_193' title='bbox 1213 3102 1256 3165; x_wconf 91' lang='lat' dir='ltr'>ab</span> <span class='ocrx_word' id='word_1_194' title='bbox 1291 3100 1440 3183; x_wconf 82' lang='lat' dir='ltr'>npixeno</span> 
     </span>
     <span class='ocr_line' id='line_1_25' title="bbox 317 3206 1462 3291; baseline -0.004 -17"><span class='ocrx_word' id='word_1_195' title='bbox 317 3208 467 3290; x_wconf 87' lang='lat' dir='ltr'>quodam,</span> <span class='ocrx_word' id='word_1_196' title='bbox 496 3208 617 3275; x_wconf 87' lang='lat' dir='ltr'>iterum</span> <span class='ocrx_word' id='word_1_197' title='bbox 641 3208 785 3273; x_wconf 86' lang='lat' dir='ltr'>dialecto</span> <span class='ocrx_word' id='word_1_198' title='bbox 810 3207 932 3291; x_wconf 87' lang='lat' dir='ltr'>dorica,</span> <span class='ocrx_word' id='word_1_199' title='bbox 964 3206 1054 3273; x_wconf 90' lang='lat' dir='ltr'>inter</span> <span class='ocrx_word' id='word_1_200' title='bbox 1076 3208 1287 3290; x_wconf 85' lang='lat' dir='ltr'>Meleagreos</span> <span class='ocrx_word' id='word_1_201' title='bbox 1310 3211 1438 3289; x_wconf 89' lang='lat' dir='ltr'>poetas.</span> <span class='ocrx_word' id='word_1_202' title='bbox 1460 3264 1462 3269; x_wconf 85' lang='lat'>.</span> 
     </span>
    </p>
   </div>
   <div class='ocr_carea' id='block_1_9' title="bbox 317 3332 1441 4094">
    <p class='ocr_par' dir='ltr' id='par_1_10' title="bbox 318 3332 1438 3523">
     <span class='ocr_line' id='line_1_26' title="bbox 405 3332 1438 3415; baseline -0.002 -17"><span class='ocrx_word' id='word_1_203' title='bbox 405 3333 468 3403; x_wconf 88' lang='lat' dir='ltr'>VI.</span> <span class='ocrx_word' id='word_1_204' title='bbox 500 3337 574 3399; x_wconf 77' lang='lat'>270.</span> <span class='ocrx_word' id='word_1_205' title='bbox 609 3333 771 3414; x_wconf 85' lang='lat' dir='ltr'>ilithyiae</span> <span class='ocrx_word' id='word_1_206' title='bbox 801 3340 915 3399; x_wconf 90' lang='lat' dir='ltr'>votum</span> <span class='ocrx_word' id='word_1_207' title='bbox 953 3333 995 3398; x_wconf 93' lang='lat' dir='ltr'>ab</span> <span class='ocrx_word' id='word_1_208' title='bbox 1026 3332 1236 3414; x_wconf 86' lang='lat' dir='ltr'>Amphareta</span> <span class='ocrx_word' id='word_1_209' title='bbox 1267 3350 1438 3415; x_wconf 88' lang='lat' dir='ltr'>puerpera,</span> 
     </span>
     <span class='ocr_line' id='line_1_27' title="bbox 318 3438 966 3523; baseline -0.002 -19"><span class='ocrx_word' id='word_1_210' title='bbox 318 3438 464 3507; x_wconf 89' lang='lat' dir='ltr'>dialecto</span> <span class='ocrx_word' id='word_1_211' title='bbox 488 3439 610 3514; x_wconf 89' lang='lat' dir='ltr'>dorica,</span> <span class='ocrx_word' id='word_1_212' title='bbox 635 3439 725 3505; x_wconf 87' lang='lat' dir='ltr'>inter</span> <span class='ocrx_word' id='word_1_213' title='bbox 747 3439 966 3523; x_wconf 86' lang='lat' dir='ltr'>Meleagrcos.</span> 
     </span>
    </p>

    <p class='ocr_par' dir='ltr' id='par_1_11' title="bbox 317 3547 1441 3862">
     <span class='ocr_line' id='line_1_28' title="bbox 405 3547 1441 3646; baseline -0.009 -12"><span class='ocrx_word' id='word_1_214' title='bbox 405 3565 486 3634; x_wconf 86' lang='lat' dir='ltr'>VII.</span> <span class='ocrx_word' id='word_1_215' title='bbox 511 3568 585 3630; x_wconf 80' lang='lat'>200.</span> <span class='ocrx_word' id='word_1_216' title='bbox 614 3564 759 3646; x_wconf 82' lang='lat' dir='ltr'>lepidum</span> <span class='ocrx_word' id='word_1_217' title='bbox 787 3547 1001 3645; x_wconf 76' lang='lat' dir='ltr'>epitymbium</span> <span class='ocrx_word' id='word_1_218' title='bbox 1033 3566 1074 3638; x_wconf 74' lang='grc' dir='ltr'>εἰς</span> <span class='ocrx_word' id='word_1_219' title='bbox 1098 3564 1220 3640; x_wconf 81' lang='grc' dir='ltr'><em>τέττιγα</em></span> <span class='ocrx_word' id='word_1_220' title='bbox 1243 3559 1307 3625; x_wconf 81' lang='grc' dir='ltr'>ὑπὸ</span> <span class='ocrx_word' id='word_1_221' title='bbox 1330 3561 1441 3636; x_wconf 80' lang='grc' dir='ltr'><strong><em>παιδὸς</em></strong></span> 
     </span>
     <span class='ocr_line' id='line_1_29' title="bbox 317 3667 1439 3754; baseline 0.001 -21"><span class='ocrx_word' id='word_1_222' title='bbox 317 3671 537 3752; x_wconf 76' lang='grc' dir='ltr'>ἀναιρεθέντα,</span> <span class='ocrx_word' id='word_1_223' title='bbox 568 3671 690 3738; x_wconf 87' lang='lat' dir='ltr'>iterum</span> <span class='ocrx_word' id='word_1_224' title='bbox 720 3672 810 3737; x_wconf 89' lang='lat' dir='ltr'>inter</span> <span class='ocrx_word' id='word_1_225' title='bbox 838 3671 1046 3754; x_wconf 86' lang='lat' dir='ltr'>Meleagreos</span> <span class='ocrx_word' id='word_1_226' title='bbox 1077 3677 1196 3752; x_wconf 87' lang='lat' dir='ltr'>poetas</span> <span class='ocrx_word' id='word_1_227' title='bbox 1229 3675 1263 3736; x_wconf 91' lang='lat' dir='ltr'>et</span> <span class='ocrx_word' id='word_1_228' title='bbox 1296 3667 1439 3734; x_wconf 86' lang='lat' dir='ltr'>dialecto</span> 
     </span>
     <span class='ocr_line' id='line_1_30' title="bbox 318 3776 691 3862; baseline 0.005 -20"><span class='ocrx_word' id='word_1_229' title='bbox 318 3776 432 3844; x_wconf 88' lang='lat' dir='ltr'>dorica</span> <span class='ocrx_word' id='word_1_230' title='bbox 458 3779 691 3862; x_wconf 89' lang='lat' dir='ltr'>conscriptum.</span> 
     </span>
    </p>

    <p class='ocr_par' dir='ltr' id='par_1_12' title="bbox 317 3902 1439 4094">
     <span class='ocr_line' id='line_1_31' title="bbox 319 3902 1439 3989; baseline -0.001 -21"><span class='ocrx_word' id='word_1_231' title='bbox 319 3965 320 3968; x_wconf 74' lang='grc'>,</span> <span class='ocrx_word' id='word_1_232' title='bbox 405 3906 473 3971; x_wconf 91' lang='grc' dir='ltr'>ΙΧ.</span> <span class='ocrx_word' id='word_1_233' title='bbox 492 3911 566 3969; x_wconf 83' lang='grc'><strong>315.</strong></span> <span class='ocrx_word' id='word_1_234' title='bbox 592 3904 834 3989; x_wconf 84' lang='lat' dir='ltr'>epigrammati,</span> <span class='ocrx_word' id='word_1_235' title='bbox 860 3903 979 3985; x_wconf 89' lang='lat' dir='ltr'>dequo</span> <span class='ocrx_word' id='word_1_236' title='bbox 996 3904 1119 3987; x_wconf 85' lang='lat' dir='ltr'>agitur,</span> <span class='ocrx_word' id='word_1_237' title='bbox 1143 3902 1352 3977; x_wconf 88' lang='lat' dir='ltr'>simillimum,</span> <span class='ocrx_word' id='word_1_238' title='bbox 1370 3903 1439 3968; x_wconf 90' lang='lat' dir='ltr'>dia·</span> 
     </span>
     <span class='ocr_line' id='line_1_32' title="bbox 317 4009 1437 4094; baseline -0.002 -18"><span class='ocrx_word' id='word_1_239' title='bbox 317 4010 406 4078; x_wconf 90' lang='lat' dir='ltr'>lecto</span> <span class='ocrx_word' id='word_1_240' title='bbox 430 4013 552 4094; x_wconf 88' lang='lat' dir='ltr'>dorica,</span> <span class='ocrx_word' id='word_1_241' title='bbox 576 4011 667 4078; x_wconf 86' lang='lat' dir='ltr'>inter</span> <span class='ocrx_word' id='word_1_242' title='bbox 681 4011 847 4094; x_wconf 87' lang='lat' dir='ltr'>Meleagri</span> <span class='ocrx_word' id='word_1_243' title='bbox 863 4028 1003 4077; x_wconf 90' lang='lat' dir='ltr'>coronae</span> <span class='ocrx_word' id='word_1_244' title='bbox 1018 4010 1220 4094; x_wconf 80' lang='lat' dir='ltr'>fragmenta.</span> <span class='ocrx_word' id='word_1_245' title='bbox 1263 4009 1437 4077; x_wconf 82' lang='lat' dir='ltr'>Conferas:</span> 
     </span>
    </p>
   </div>
   <div class='ocr_carea' id='block_1_10' title="bbox 406 4292 961 4543">
    <p class='ocr_par' dir='ltr' id='par_1_13' title="bbox 406 4292 961 4543">
     <span class='ocr_line' id='line_1_33' title="bbox 408 4292 894 4363; baseline 0.002 -17"><span class='ocrx_word' id='word_1_246' title='bbox 408 4293 428 4363; x_wconf 87' lang='lat'>¹)</span> <span class='ocrx_word' id='word_1_247' title='bbox 447 4292 609 4348; x_wconf 84' lang='lat' dir='ltr'>Schneider:</span> <span class='ocrx_word' id='word_1_248' title='bbox 628 4294 786 4349; x_wconf 84' lang='lat' dir='ltr'>Nicandrea</span> <span class='ocrx_word' id='word_1_249' title='bbox 804 4309 831 4362; x_wconf 88' lang='lat' dir='ltr'>p.</span> <span class='ocrx_word' id='word_1_250' title='bbox 850 4296 894 4348; x_wconf 82' lang='grc'>37.</span> 
     </span>
     <span class='ocr_line' id='line_1_34' title="bbox 406 4381 961 4453; baseline 0.004 -17"><span class='ocrx_word' id='word_1_251' title='bbox 406 4381 427 4453; x_wconf 72' lang='lat'>³)</span> <span class='ocrx_word' id='word_1_252' title='bbox 446 4381 586 4439; x_wconf 77' lang='lat' dir='ltr'>D&#39;OrviiIe</span> <span class='ocrx_word' id='word_1_253' title='bbox 605 4382 639 4438; x_wconf 84' lang='lat' dir='ltr'>ad</span> <span class='ocrx_word' id='word_1_254' title='bbox 659 4381 836 4438; x_wconf 81' lang='lat' dir='ltr'>Charitonem</span> <span class='ocrx_word' id='word_1_255' title='bbox 854 4399 879 4452; x_wconf 91' lang='lat' dir='ltr'>p.</span> <span class='ocrx_word' id='word_1_256' title='bbox 900 4383 961 4438; x_wconf 81' lang='grc'><strong>326.</strong></span> 
     </span>
     <span class='ocr_line' id='line_1_35' title="bbox 407 4471 730 4543; baseline 0.003 -17"><span class='ocrx_word' id='word_1_257' title='bbox 407 4471 428 4542; x_wconf 77' lang='lat'>³)</span> <span class='ocrx_word' id='word_1_258' title='bbox 448 4471 482 4527; x_wconf 82' lang='lat' dir='ltr'>cf.</span> <span class='ocrx_word' id='word_1_259' title='bbox 503 4487 586 4542; x_wconf 84' lang='lat' dir='ltr'>supra</span> <span class='ocrx_word' id='word_1_260' title='bbox 604 4489 668 4543; x_wconf 86' lang='lat' dir='ltr'>pag.</span> <span class='ocrx_word' id='word_1_261' title='bbox 690 4474 730 4527; x_wconf 87' lang='lat'>18.</span> 
     </span>
    </p>
   </div>
   <div class='ocr_carea' id='block_1_11' title="bbox 0 0 1734 5218">
    <p class='ocr_par' dir='ltr' id='par_1_14' title="bbox 0 0 1734 5218">
     <span class='ocr_line' id='line_1_36' title="bbox 0 0 1734 5218; baseline 0 2"><span class='ocrx_word' id='word_1_262' title='bbox 0 0 1734 5218; x_wconf 95' lang='lat' dir='ltr'> </span> 
     </span>
    </p>
   </div>
  </div>
 </body>
</html>
