3460 5218
679 1169 826 1290 caput
856 1171 1062 1270 tertium.

328 1331 385 1403 De
408 1329 499 1401 libri
521 1329 712 1401 undecimi
735 1329 990 1418 Anthologiue
1013 1329 1210 1402 Palatinae
1234 1331 1416 1403 fontibus.

398 1509 573 1579 Undecimi
600 1510 679 1577 libri
702 1509 930 1594 Antbologiae
953 1508 1136 1578 Palatinae
1159 1510 1270 1578 fontes
1294 1511 1432 1596 indaga-

308 1626 404 1686 turus
426 1636 674 1702 praemoneam,
703 1637 768 1714 non
797 1637 859 1699 qno
883 1617 1112 1700 Cephalanum
1139 1637 1214 1685 esse
1242 1620 1304 1685 boc
1333 1627 1434 1702 caput

309 1725 466 1809 dubitem,
484 1725 712 1806 quaestionem
728 1743 780 1791 me
795 1725 994 1807 instituisse,
1018 1727 1077 1792 sed
1093 1745 1164 1792 cum
1181 1745 1316 1808 prorsus
1333 1728 1434 1793 aliam

310 1832 453 1915 speciem
476 1851 557 1916 prae
581 1850 617 1898 se
641 1832 729 1898 terre
744 1832 967 1913 unusquisque
983 1833 1087 1914 primo
1105 1834 1223 1900 obtutu
1238 1833 1434 1916 perspiciat.

310 1940 425 2022 Ipsum
456 1938 714 2006 Constantinum
743 1939 924 2021 Cephalon
959 1941 1022 2006 boc
1052 1958 1179 2022 quoque
1207 1941 1435 2024 Antbologiae

311 2044 533 2127 composuisse
563 2050 664 2128 capnt
692 2064 734 2112 ne
757 2045 892 2111 minima
913 2045 1043 2126 quidem
1065 2046 1232 2113 dubitatio
1256 2049 1434 2130 subrepere

310 2157 434 2235 potest,
458 2170 531 2216 cum
556 2151 797 2235 suprascriptio
820 2152 926 2219 totius
951 2153 1073 2236 eapitis
1096 2153 1264 2219 simillima
1287 2153 1334 2219 sit
1357 2155 1434 2221 reli·

310 2277 447 2339 qnorum
463 2267 555 2325 certe
571 2258 836 2342 Cephalanorum
856 2259 1001 2342 capitum
1015 2260 1150 2329 V.-X.
1168 2266 1204 2325 et
1219 2261 1306 2326 XII.
1348 2260 1433 2327 Ocn-

312 2363 403 2430 feras
427 2383 564 2446 quaeso,
595 2384 679 2447 quae
704 2366 808 2448 capiti
832 2366 1003 2433 undecimo
1027 2366 1220 2449 praeposuit
1244 2374 1434 2450 excerptor:

310 2468 404 2552 Ἀρχὴ
427 2475 613 2535 σκωπτικῶν
637 2473 756 2559 (codex
771 2475 971 2558 σκοπτικών).
1016 2473 1056 2538 Τὸ
1079 2473 1274 2547 συμποτικὸν
1299 2475 1381 2550 εἶδος
1403 2476 1436 2537 ἐκ

312 2577 513 2653 σκωμμάτων
536 2580 690 2659 σύγκειται
705 2586 756 2643 καὶ
778 2584 945 2662 συμβολῆς,
970 2589 1037 2643 τών
1056 2583 1201 2644 παλαιῶν
1217 2579 1262 2643 ἀεὶ
1277 2579 1363 2661 παρὰ
1379 2581 1437 2645 τὸν

311 2684 413 2748 πάτον
448 2682 602 2765 ἀλλήλους
633 2685 932 2767 ἀποσχεὸιαζόντων
942 2693 974 2770 ¹).
1024 2684 1080 2750 Ἳν’
1114 2685 1174 2750 οὖν
1203 2692 1280 2768 μηδὲ
1313 2688 1437 2752 τούτων
1495 2678 1499 2688 ’

313 2789 452 2872 άμοιρῄς,
477 2798 528 2855 καὶ
550 2795 584 2871 ἐξ
606 2795 713 2858 αὐτῶν
737 2793 875 2872 ὑπέταξα
891 2793 930 2857 τά
950 2794 1126 2870 ἐμπεσόντα
1147 2813 1220 2861 cum
1241 2795 1338 2861 initio
1360 2795 1436 2861 libri

313 2899 428 2980 quinti,
454 2901 510 2966 ubi
533 2901 638 2967 habes
661 2902 764 2984 ipsius
789 2901 959 2984 Cephalae
982 2901 1177 2970 versiculos:

400 3009 492 3081 Νὲοις
515 3005 669 3071 ἀνάπτων
691 3012 820 3089 καρδίας
842 3007 945 3090 σοφὴν
968 3012 1057 3090 ζέσιν,

401 3110 502 3194 ἀρχὴν
522 3111 648 3195 Ἔρωτα
673 3125 740 3179 τῶν
764 3118 871 3195 λόγων
893 3116 1075 3195 ποιῆσομαιτ

400 3221 524 3301 πυρσὸν
548 3221 608 3303 γάρ
633 3218 726 3298 οὗτος
749 3223 912 3301 ἐξανάπτει
936 3239 1004 3299 τοῖς
1026 3224 1142 3302 λόγοις,

314 3327 432 3393 deinde
462 3349 533 3395 cum
556 3331 619 3400 VI.
645 3331 767 3414 capitis
796 3332 944 3398 exordio:
981 3329 1061 3410 ἀρχὴ
1097 3339 1162 3394 τῶν
1193 3327 1437 3409 ἀναθηματικῶν

313 3434 573 3514 ἐπιγραμμάτων,
606 3438 692 3518 quod
721 3438 883 3519 sequitur:
916 3436 995 3518 ἀρχὴ
1027 3440 1083 3513 μὲν
1113 3434 1195 3516 ἡμῖν,
1228 3432 1272 3510 ὠς
1298 3440 1391 3515 φησὶν
1419 3433 1437 3514 ἡ

313 3549 379 3604 τῶν
402 3543 561 3621 ἐρωτικῶν
584 3545 828 3625 ἐπιγραμμάτων
851 3545 979 3620 ἕκθεσις,
1004 3546 1163 3624 γεγένηται
1185 3543 1307 3606 σκόπον
1323 3542 1438 3619 ἔχουσα

313 3647 371 3727 τὴν
399 3647 457 3728 σὴν
484 3649 596 3728 ἐξάψαι
625 3652 776 3716 διάνοιαν.
824 3657 865 3715 Εἰ
891 3659 1001 3716 τοίνυν
1029 3654 1188 3730 γεγένηται
1212 3646 1249 3711 τὸ
1271 3652 1436 3729 προτεθὲν,

314 3755 362 3817 ἐπὶ
389 3753 447 3834 τὴν
474 3759 539 3819 τῶν
568 3755 812 3838 ἀναθηματικών
840 3757 1020 3838 ἀνάγνωσιν
1046 3757 1199 3836 μετάβηθι
1222 3778 1229 3792 ·
1251 3757 1295 3835 εἴη
1325 3759 1357 3818 δὲ
1388 3759 1438 3817 καὶ

313 3859 361 3922 ἐπ’
387 3860 482 3940 αὐτῆς
510 3860 585 3944 ἡμῖν
608 3862 781 3947 ἀνυσθῆναι
810 3866 848 3930 τὸ
876 3864 1151 3946 σπουδαζόμενον;
1180 3863 1294 3928 confer
1317 3861 1439 3943 capitis

316 3966 450 4048 septimi
472 3968 616 4038 initium:
642 3978 700 4036 Καὶ
722 3971 740 4036 ὃ
761 3982 829 4037 τῶν
844 3971 1091 4052 ἀναθηματικών
1107 3968 1180 4050 ἡμῖν
1196 3967 1439 4049 ἐπιγραμμάτων

314 4072 477 4155 χαρακτὴρ
499 4077 698 4159 πεπλὴρωται
719 4083 834 4155 ἱκανῶς
857 4080 949 4157 ἔχων,
980 4077 1023 4154 ὠς
1042 4075 1180 4153 ἐμαυτὸν
1198 4083 1309 4139 πείθω.
1348 4084 1439 4138 Μετι-

315 4188 389 4249 τέον
418 4179 477 4245 οὖν
504 4181 551 4261 ἐφ’
582 4185 689 4268 ἕτερον
718 4188 777 4251 οὐκ
806 4184 966 4268 ἀχρηστον
994 4184 1062 4249 οὐδ’
1089 4186 1236 4264 ἀνωφελῆ
1264 4186 1386 4264 κινῆσαί
1406 4204 1439 4243 τε

315 4289 486 4374 (Reiskius
509 4312 568 4378 pro
585 4299 718 4376 λαλῆσαί
731 4295 775 4383 τε)
800 4300 851 4358 καὶ
867 4292 948 4375 πρὸς
962 4293 1068 4368 πάθος
1091 4289 1218 4371 ἀγαγεῖν
1240 4290 1314 4366 τοὺς
1329 4291 1439 4367 ἐντυγ-

407 4479 428 4549 ¹)
447 4477 493 4532 Sic
511 4469 605 4542 codex,
624 4487 705 4539 quom
722 4472 782 4542 ipsa
801 4469 916 4540 inspexi,
935 4486 989 4525 non
1008 4465 1279 4533 αὐτοσχεδιαζόντων,
