3460 5218
730 535 948 593 ..51-

365 705 438 772 Iam
461 708 595 772 restant
618 710 689 772 tres
719 692 849 788 poetae,
881 703 922 773 de
953 705 1070 788 quibus
1100 707 1190 774 haud
1216 707 1267 774 ita
1298 707 1398 776 facile

275 810 431 880 iudicium
454 811 542 879 ferre
563 831 746 895 possumus.

366 919 419 986 De
442 918 694 1004 epigrammatis
716 919 784 986 XI.
809 925 884 988 275.
908 925 1045 987 anctore
1068 939 1142 988 cum
1170 921 1397 1004 quaestionem

276 1026 468 1109 instituam,
507 1025 624 1110 timeo,
662 1044 704 1094 ne
743 1025 974 1112 Camerinam,
1012 1032 1051 1095 ut
1089 1027 1198 1112 aiunt,
1237 1047 1397 1096 moveam.

276 1133 488 1216 Scripseram
512 1132 553 1199 de
575 1133 772 1202 brevissimo
803 1135 980 1217 eodemque
1008 1134 1220 1202 celeberrimo
1251 1135 1308 1202 illo
1332 1135 1398 1219 epi·

276 1245 479 1325 grammate:

345 1353 546 1426 ’Καλλίμαχος
568 1344 605 1410 τὸ
627 1345 785 1428 κάθαρμα,
809 1345 848 1410 τά
871 1353 1027 1426 παίγνιον,
1053 1345 1072 1412 ὁ
1095 1349 1222 1426 ξύλινος
1244 1359 1329 1428 νοῦς,

387 1455 493 1529 Αίτιος
515 1452 534 1517 ὁ
557 1453 683 1534 γράψας
705 1455 793 1518 Αίτιο
816 1453 1049 1540 Καίλιμάχουῐ)

277 1579 379 1627 onnes
391 1559 463 1627 iere
477 1559 542 1628 viri
558 1560 657 1636 docti,
675 1560 730 1642 qui
742 1561 1042 1628 Alexandrinorum
1058 1566 1177 1644 poetas
1197 1561 1409 1646 attigerunt*

276 1669 327 1734 ita
350 1664 389 1735 ut
411 1667 615 1744 novissimos,
641 1668 730 1750 apud
752 1686 834 1749 quos
857 1669 1097 1735 antecedentes
1113 1675 1338 1751 recensentur,
1362 1669 1398 1737 in

277 1775 527 1857 adnotatione2)
550 1775 741 1842 laudavisse
764 1774 850 1841 satis
873 1776 1024 1843 habeam.

369 1898 493 1965 Locum
506 1900 609 1965 habet
625 1900 829 1983 epigramma
844 1899 933 1966 inter
948 1902 1033 1967 hanc
1050 1899 1182 1968 seriem:
1201 1905 1398 1972 264.-266.

275 2005 408 2081 Lucilii,
439 2011 637 2071 207-273.
662 2001 761 2086 ἄδηλα
780 2005 927 2074 fortasse
946 2008 1187 2092 Diogeniauea,
1212 2007 1397 2076 sedetiam

276 2113 414 2179 aliorum
432 2119 614 2194 temporum
633 2114 746 2196 (269.),
768 2118 841 2177 274.
859 2114 964 2181 habes
978 2099 1150 2196 Lucilium,
1169 2121 1242 2180 275.
1260 2115 1396 2199 Apollo·

275 2220 375 2296 nium,
402 2222 476 2285 276.
500 2219 621 2287 iterum
644 2219 818 2294 Lucilium,
844 2225 917 2286 277.
944 2226 1017 2286 278.
1043 2226 1118 2285 279.
1142 2223 1295 2301 eundem3
1321 2227 1395 2287 280.

277 2345 345 2408 sqq.
368 2324 560 2402 Palladom3
593 2326 696 2410 igitur
726 2327 871 2410 positum
903 2332 957 2394 est
990 2327 1194 2412 epigramma
1221 2329 1256 2396 in
1283 2329 1397 2397 ordine

275 2432 505 2515 Diogenianeo
529 2437 589 2499 ant
612 2433 726 2498 ordine
751 2434 1026 2516 epigrammatum
1049 2434 1259 2518 Diogeniano
1283 2455 1397 2503 recen·

278 2541 411 2606 tiorum.
456 2539 586 2606 Iterum
608 2539 747 2623 legitur,
780 2545 816 2607 et
838 2541 872 2606 in
896 2540 1047 2623 margine
1076 2541 1221 2622 quidem‚'
1248 2541 1292 2607 ad
1313 2541 1396 2610 VII.

276 2652 340 2721 42,
366 2646 423 2712 ubi
446 2646 704 2728 comparationis
736 2666 838 2713 cansa
869 2653 908 2712 ut
932 2643 1051 2726 ίίδηλον
1081 2666 1181 2713 manu
1211 2647 1397 2713 recentiore

276 2753 444 2837 adpictum
468 2759 535 2834 est;
560 2771 637 2818 nam
662 2753 913 2836 epigrammatis
930 2761 982 2816 41.
1005 2758 1041 2820 et
1057 2759 1110 2817 42.
1135 2754 1270 2820 summis
1293 2753 1395 2820 laudi·

275 2861 337 2927 bus
360 2858 585 2926 Callimachus
614 2858 759 2926 effertur.
807 2861 922 2925 Etiam
951 2861 1034 2925 haec
1062 2860 1228 2935 ἀδέσποτα,
1262 2859 1320 2926 sed
1342 2880 1396 2929 ve-

276 2966 422 3033 tustiore
445 2970 561 3032 aetate
593 2966 784 3049 conscripta
812 2972 899 3040 sunt,
933 2985 1003 3032 cum
1028 2966 1198 3033 Leonidae
1220 2966 1397 3034 Tarentini

276 3083 311 3138 et
335 3072 464 3141 Sidonii
486 3071 663 3156 Antipatri
686 3073 720 3139 in
744 3073 794 3139 eis
816 3072 1022 3139 imitationes
1045 3073 1159 3140 insint.

363 3180 437 3247 Iam
466 3178 506 3245 de
529 3179 669 3246 nominis
692 3179 798 3246 forma
822 3197 1033 3261 quaeramus:
1062 3177 1274 3243 Ἀπολλωνίου
1301 3203 1396 3261 γραμ-

275 3289 418 3362 ματικοῦ.
465 3286 577 3351 Primo
612 3289 732 3352 obtutu
766 3305 879 3353 omnes
906 3285 1158 3367 Apollonium
1190 3286 1395 3368 Rhodium,

276 3391 473 3458 Callimachi
489 3392 694 3476 discipulum,
718 3399 838 3476 postea
857 3391 1127 3467 inimicissimum,
1146 3391 1396 3476 epigrammatis

273 3503 442 3565 auctorem
466 3499 712 3584 intelligebant,
738 3518 925 3582 quanquam
947 3499 1142 3565 testimonia
1170 3505 1306 3582 praesto
1330 3517 1395 3564 non

273 3610 385 3686 erant,
424 3606 540 3687 quibus
575 3607 786 3689 Apollonium
823 3607 988 3673 Rhodium
1023 3605 1274 3689 epigrammatis
1308 3605 1395 3670 Ibim

274 3729 405 3777 carmen
436 3713 541 3778 ultum
573 3731 648 3778 esse
682 3713 948 3779 confirmabatur.
1004 3711 1156 3792 Namque
1192 3710 1315 3777 scholio
1345 3711 1397 3778 illi

273 3816 317 3881 ad
333 3817 496 3883 Antonini
518 3818 684 3885 Liberalis
701 3827 803 3901 caput
818 3819 964 3884 XXIII.
990 3818 1134 3899 adpicta
1160 3836 1222 3898 quo
1239 3817 1393 3898 legimns:

272 3925 391 4002 ίστορεῑ
414 3927 590 4005 Νίκανδρος
621 3925 867 4004 ἑτεροιουμὲνων
899 3924 919 3986 ά
949 3930 1000 3986 καί
1022 3922 1165 3999 Ἡσίοδος
1194 3925 1228 3988 ἐν
1250 3924 1397 4003 μεγάλαις

274 4025 387 4104 Ἠοίαις
418 4035 470 4092 καί
493 4030 688 4110 Διάάμαρχος
717 4029 992 4110 μιταμορφώσεων
1022 4030 1048 4110 γ’
1082 4035 1133 4094 καί
1156 4028 1331 4110 Ἀντίγονος
1361 4033 1396 4096 ἐν

291 4193 391 4200 ...ὴ-
413 4195 421 4200 -
433 4195 483 4200 ..-

362 4277 384 4347 ¹)
403 4276 443 4332 sic
462 4276 645 4345 scribendum,
664 4293 718 4332 non
739 4276 925 4346 Καίίίμαχοις
943 4293 1007 4333 nem
1027 4278 1061 4334 de
1079 4277 1144 4334 libri
1162 4278 1248 4334 titulo
1268 4279 1370 4348 egitur.

361 4365 383 4436 ¹)
403 4365 546 4421 Susamihl.
566 4365 584 4422 l.
604 4366 622 4422 l.
641 4365 665 4421 1.
684 4367 745 4434 ool,
771 4368 813 4422 18.
850 4367 974 4424 Knsnolr.
998 4367 1103 4438 BphW.
1130 4367 1207 4425 1886.
1238 4368 1393 4424 wfklPlil.

272 4455 350 4523 1885,
370 4457 448 4512 1000.
467 4455 511 4512 JJ.
533 4457 593 4524 140,
612 4457 672 4512 771.

1194 4562 1233 4618 4*
