3460 5218
779 529 997 589 ..10-

327 703 520 787 Aegyptius
537 705 602 786 (12.
623 708 694 782 14.),
712 701 897 785 Antipater
913 701 1067 771 Sidonius
1084 704 1172 785 (le),
1188 700 1340 767 Zosimus
1356 700 1449 785 (lt),

328 810 474 878 Archias
490 813 578 892 (39).
602 811 723 891 Itaque
741 827 813 876 cum
829 817 950 892 poetae
971 809 1037 875 nisi
1060 806 1268 892 eMeleagri,
1292 808 1449 891 Philippi,

328 918 501 1002 Agathiae
525 935 646 984 corone
669 936 733 982 non
757 914 950 998 afferantur,
976 915 1137 983 Lucianei
1159 915 1300 982 nominis
1324 916 1448 982 mentio

328 1045 394 1093 non
415 1025 533 1102 habet,
565 1043 629 1107 quo
660 1023 870 1091 defendatur.
916 1024 1121 1091 Lucianeum
1151 1023 1256 1107 igitur
1285 1041 1359 1090 esse
1383 1022 1450 1106 epi·

330 1151 478 1215 gramma
490 1131 623 1199 minime
635 1132 744 1206 credo,
762 1130 1021 1213 facillimamque
1033 1130 1200 1197 lemmatis
1213 1129 1450 1197 correctionem

330 1257 404 1306 esse
427 1239 587 1316 arbitror,
624 1239 652 1305 si
677 1238 882 1306 scribendum
915 1257 1074 1321 propono:
1107 1235 1303 1322 Ἰουλιανοῦ,
1333 1254 1451 1319 nempe

331 1345 490 1419 eiusdem,
522 1344 613 1412 cuins
637 1344 835 1426 quisquiliae
867 1345 932 1410 iam
966 1349 1157 1426 sequuntur.
1205 1345 1449 1429 (18.19.20.).

330 1455 363 1519 A
377 1452 502 1519 Iuliani
524 1452 657 1536 ingenio
680 1470 745 1518 non
761 1453 928 1528 abhorret,
953 1471 1029 1517 nam
1050 1456 1085 1518 et
1101 1453 1246 1517 obscena
1268 1450 1450 1526 adamavit,

330 1559 439 1644 (legas
462 1559 606 1626 eiusdem
631 1560 664 1626 in
689 1559 801 1642 capite
824 1559 939 1640 quinto
964 1557 1236 1644 epigrammatal)
1260 1576 1452 1640 semperque

330 1667 548 1733 Tarentinum
571 1665 662 1733 illum
683 1665 866 1732 Leonidam
891 1665 1043 1732 imitatus
1067 1675 1131 1732 est.

421 1770 522 1840 Ouios
546 1773 755 1856 corruptelae
778 1774 949 1856 egregium
974 1772 1204 1840 documentum
1222 1773 1282 1841 VI.
1308 1776 1360 1835 20.
1384 1775 1451 1854 (33.

331 2003 430 2068 αὐτοῦ
452 2005 572 2071 lemma
591 2004 740 2089 legitur),
766 2005 958 2071 aPlanude
981 1987 1148 2082 Αουκιαθῦ]
1172 2005 1289 2072 fertur.
1336 2005 1453 2086 Neque

332 2111 374 2178 de
390 2113 452 2178 hoc
468 2112 709 2195 epigrammate
725 2112 818 2179 alind
840 2111 996 2178 iudicium
1012 2120 1114 2195 atque
1131 2114 1171 2179 de
1189 2114 1249 2181 VI.
1269 2117 1319 2178 17.
1335 2111 1451 2178 feram.

420 2218 640 2285 Lucillianum
670 2219 809 2300 denique
833 2219 894 2288 VI.
924 2225 998 2286 164.
1023 2220 1091 2305 (34.
1115 2218 1250 2302 Jacob)
1282 2218 1453 2287 vindican-

332 2325 407 2392 dum
431 2331 484 2393 est
506 2333 643 2410 propter
666 2343 807 2407 sequens
833 2331 905 2390 166.
953 2326 1086 2393 Lucillii
1115 2327 1333 2411 epigramma,
1366 2324 1451 2406 quod

333 2431 507 2516 genuinum
525 2451 600 2499 esse
615 2451 715 2516 snpra
733 2433 1042 2502 demonstravimus.
1081 2433 1225 2500 Accedit
1246 2433 1331 2514 quod
1348 2432 1452 2514 primo
1481 2453 1483 2459 ’

334 2557 433 2606 versu
455 2539 617 2606 Lucillius
639 2540 763 2623 repetit
785 2540 1059 2624 Parthenium¹):

426 2647 558 2732 Γλαύκῳ
589 2653 641 2710 καὶ
666 2655 766 2727 Νηρῆι
794 2653 844 2710 καὶ
872 2645 976 2731 'lecim
1000 2650 1185 2728 Μελικέρτῃ,

336 2753 428 2820 cuius
450 2772 567 2821 versus
591 2755 677 2837 apud
700 2753 938 2839 Macrobium2)
964 2759 999 2821 et
1024 2753 1202 2833 Gellinmb
1227 2753 1340 2820 eodem
1360 2752 1454 2819 modo

335 2879 398 2942 qno
414 2860 620 2928 Lucillianus
635 2861 770 2945 legitur.
794 2861 882 2928 Mira
894 2862 1034 2943 deniqne
1051 2867 1105 2929 est
1120 2867 1305 2936 Λουκίλλιος
1315 2859 1454 2927 nominis

335 2987 365 3036 v,
395 2974 423 3031 3.
454 2987 524 3034 cum
549 2967 697 3034 Lucieno
723 2969 948 3052 congruentia.

424 3069 476 3141 De
501 3075 680 3159 epitymbio
700 3075 734 3142 in
758 3095 895 3158 puerum
919 3075 1158 3157 quinquennem
1184 3076 1263 3146 VII.
1289 3081 1362 3140 308.
1388 3080 1453 3153 (28.

335 3181 468 3267 Jacob.)
487 3188 613 3250 centurn
634 3182 790 3249 indicium
813 3183 895 3249 ferri
917 3184 1043 3264 nequit.
1080 3183 1146 3251 Sed
1170 3202 1244 3249 cnm
1266 3182 1356 3248 inter
1378 3199 1454 3264 poe·

336 3297 393 3355 tas
407 3289 622 3373 Agamianos
638 3289 807 3357 inseratur
822 3290 1026 3371 Lucianique
1047 3291 1300 3374 epigrammata,
1325 3289 1354 3354 si
1370 3306 1455 3370 qnae

337 3395 482 3479 scripsit,
507 3395 681 3480 Agatlriae
698 3397 802 3480 cyclo,
828 3397 947 3480 quippe
963 3415 1026 3478 qno
1046 3417 1111 3463 non
1133 3397 1368 3466 contineantur
1390 3395 1455 3461 nisi

336 3502 462 3583 quarti.
495 3501 615 3584 quinti,
648 3501 737 3567 sexti
775 3503 901 3570 saeculi
929 3504 1108 3586 poematia,
1140 3503 1269 3570 inserta
1297 3521 1371 3568 esse
1399 3521 1454 3567 ne·

337 3615 476 3690 queant,
508 3607 619 3692 potius
649 3607 847 3692 Agathiano
879 3616 1000 3693 poetae
1024 3610 1276 3689 vindicaverim,
1309 3610 1456 3675 fortasse

336 3717 457 3782 iterum
487 3715 628 3783 Iuliano.
685 3716 760 3802 Qua
796 3737 898 3783 cansa
929 3717 1083 3785 commoti
1112 3716 1281 3783 librarius
1300 3715 1354 3784 vel
1385 3716 1456 3799 ipse

338 3823 507 3907 Cephalas
530 3824 679 3890 Lucieno
703 3824 892 3907 tribuerint,
917 3825 1046 3892 frustra
1069 3824 1227 3905 quaesivi.

425 3932 499 3997 Iam
524 3930 720 3997 accedamus
745 3931 788 3997 ad
813 3931 889 3998 libri
913 3932 991 3998 noni
1011 3931 1254 4014 epigrammata
1275 3928 1455 3996 Lucianea.

425 4038 493 4104 IX.
514 4043 564 4101 74.
580 4039 645 4121 (13.
655 4039 789 4120 Jacob.)
806 4038 839 4105 in
852 4038 1012 4105 Palatina
1030 4037 1216 4114 ἀδέσποτον,
1235 4037 1269 4103 in
1282 4035 1458 4103 Planudea

430 4286 452 4353 ¹)
471 4300 551 4352 qnam
570 4282 697 4340 imitatas
716 4290 761 4340 est
796 4283 880 4355 Verg.
899 4283 932 4339 G.
952 4285 974 4340 Ι.
993 4285 1055 4340 437.

427 4372 449 4444 ²)
469 4373 527 4429 Sat.
547 4373 579 4429 V.
598 4375 640 4428 17.

429 4463 450 4534 ³)
468 4462 501 4519 N.
520 4465 553 4517 Δ.
572 4463 649 4516 Xlll.
667 4463 710 4518 25.
