3460 5218
812 516 1030 576 ..58-

366 699 395 753 l.
420 695 448 756 2.
471 694 508 756 et
532 694 618 765 258„
643 687 760 771 quibus
783 689 863 755 solis
888 687 929 754 18
953 686 1021 754 8818
1045 687 1296 772 epigrammatis
1324 686 1484 769 loquitur;

363 796 392 862 si
415 815 451 862 re
465 813 549 864 vera
564 795 668 862 etiam
684 795 824 861 aliorum
847 794 1092 879 epigrammate
1108 793 1301 877 recepisset.
1327 813 1402 861 eum
1420 795 1487 890 hae

363 903 404 969 (18
427 921 463 969 re
487 901 614 984 aliquid
630 919 902 968 commemorasse
918 900 1101 969 verisimile
1117 907 1179 968 ert.
1218 901 1330 984 Igitur
1345 900 1484 968 aliorum

362 1010 492 1077 illorum
515 1014 672 1092 poemata
696 1009 739 1075 ab
763 1007 830 1074 alio
854 1007 1006 1090 quodam,
1030 1007 1212 1090 etquidem
1236 1007 1484 1092 aDiogeniano

363 1121 522 1198 excerpta
546 1120 640 1194 sunt3
665 1115 730 1182 ianr
754 1121 834 1198 puto
859 1114 961 1181 etiam
979 1114 1152 1182 Stratonis
1170 1115 1302 1182 Musam
1326 1114 1485 1196 puerilem

362 1241 427 1289 non
450 1242 471 1288 8
495 1220 660 1305 Cepheia,
692 1221 751 1288 sed
785 1221 852 1288 iam
885 1241 905 1287 8
934 1219 1143 1305 Diogeniano
1175 1227 1369 1304 excerptam
1400 1239 1484 1288 8888.

364 1327 458 1394 'Palis
483 1327 580 1411 enirn,
605 1329 735 1409 qualem
758 1345 846 1395 nuno
868 1331 1029 1404 tenemus,
1054 1326 1133 1393 ordo
1157 1345 1347 1410 perversae,
1372 1327 1402 1394 si
1424 1326 1485 1395 Ge·

362 1435 482 1518 phalas
497 1435 587 1500 nullo
605 1433 670 1501 alio
686 1433 919 1501 intercedente
934 1434 1028 1500 fonte
1041 1433 1233 1501 Stratonem
1250 1434 1484 1518 excerpsisset,

362 1560 428 1608 nou
451 1545 613 1608 exstaret.

450 1649 525 1713 Iam
548 1647 664 1731 paucis
687 1647 831 1713 alteram
854 1646 1098 1728 quaestionem,
1131 1665 1229 1727 quarn
1243 1645 1351 1713 'initio
1375 1646 1485 1728 dispu-

363 1755 502 1822 tationis
536 1755 750 1838 protulimus,
787 1753 961 1820 absolvere
996 1751 1091 1819 licet:
1129 1771 1213 1834 quae
1241 1752 1484 1837 epigrammata

361 1861 591 1945 Diogeniauus
622 1861 837 1944 excerpserit.
884 1859 990 1929 Vides
1017 1859 1123 1926 omnis
1154 1859 1287 1944 generis
1317 1878 1391 1925 eurn
1415 1878 1485 1926 car·

362 1968 452 2033 mina
470 1968 655 2051 collegisse,
679 1967 821 2050 plurima
845 1972 955 2033 autem
973 1966 1132 2050 scoptica,
1151 1966 1281 2035 scilicet
1301 1985 1387 2049 quae
1407 1965 1485 2033 istis

363 2075 568 2155 temporibus
594 2075 649 2155 „in
671 2073 771 2139 flore“
798 2080 904 2140 erant.
951 2073 1023 2158 Quo
1048 2073 1162 2139 ordine
1186 2073 1387 2156 disposuerit
1408 2072 1485 2140 Dio·

364 2181 536 2264 genianus,
562 2182 682 2248 elicere
705 2199 769 2247 non
792 2198 974 2262 possumus.
