3460 5218
742 507 939 565 ...3.-

370 682 445 748 Iam
468 698 672 770 quaeremus,
704 698 785 761 quos
817 683 936 762 poetas
965 686 1001 746 et
1025 679 1136 761 qualia
1160 679 1402 763 epigrammata

283 787 486 855 continuerit
515 785 717 872 Diogeniani
752 785 923 862 collectio,
960 791 995 853 et
1030 786 1188 867 quomodo
1219 787 1403 871 composita

282 895 386 963 fuisse
408 894 572 962 videatur.
618 896 672 961 Ac
703 899 877 976 poetarum
906 893 1036 974 quidem
1060 892 1401 979 unigenitusque

283 1002 370 1070 satis
393 1021 547 1085 magnum
572 1001 709 1086 collegit
737 1020 915 1083 numerum,
947 1001 1069 1067 multos
1100 1005 1214 1067 tamen
1237 1000 1333 1080 falso,
1365 1006 1404 1067 ut

282 1116 373 1192 puto,
406 1108 534 1176 attulit.
581 1109 623 1175 In
653 1109 844 1176 universum
868 1108 1040 1192 dicendum
1069 1114 1122 1174 est
1145 1107 1325 1174 verisimile
1347 1108 1404 1175 rix

285 1235 358 1284 esse
381 1215 626 1300 Diogenianum
648 1215 892 1298 epigrammata
921 1219 1102 1297 poetarum,
1134 1214 1190 1296 qui
1219 1215 1286 1282 iam
1318 1215 1404 1282 alias

285 1343 422 1390 coronas
437 1324 613 1404 ornabant,
630 1341 711 1389 suae
727 1320 915 1388 collectioni
928 1321 1111 1398 addidisse,
1128 1321 1224 1387 immo
1237 1322 1405 1405 excerpsit

285 1450 326 1497 ex
349 1430 488 1512 singulis
512 1429 607 1496 libris
632 1429 877 1513 epigrammata
900 1436 1072 1511 poetarum
1090 1428 1264 1512 Caligulae
1289 1434 1405 1496 aetate

284 1536 504 1604 recentiorum
527 1554 631 1618 usque
656 1536 700 1602 ad
723 1554 784 1602 suu
800 1535 914 1618 ipsius,
939 1535 983 1600 ad
999 1535 1166 1602 Hadriani
1191 1541 1226 1602 et
1240 1535 1406 1603 Antonini

287 1643 341 1710 Pii
364 1643 434 1710 lere
457 1652 618 1726 tempora,
642 1644 694 1710 ita
717 1649 755 1710 ut
770 1642 972 1726 Diogeniani
989 1642 1215 1726 anthologiam
1238 1643 1406 1725 poematia

285 1751 382 1817 unius
410 1750 545 1816 circiter
575 1750 701 1816 saeculi
733 1750 920 1816 contineret
944 1749 1164 1830 edereturque
1188 1751 1277 1817 circa
1301 1767 1406 1816 annos

289 1864 485 1922 leh-150.
536 1858 679 1924 Inerant
714 1856 820 1941 igitur
851 1860 942 1922 certe
971 1855 1132 1940 florilegio
1163 1857 1406 1940 epigrammata

286 1963 465 2047 Ammiani,
489 1965 633 2047 Lucillii,
657 1965 827 2036 Nicarchi.
852 1963 1033 2046 Gaetulici,
1059 1963 1207 2046 Troiam,
1228 1964 1405 2042 Hadriani,

287 2071 454 2155 Philonia,
490 2091 571 2153 quos
606 2091 717 2138 omnes
752 2071 844 2138 hisce
878 2070 1080 2153 temporibus
1114 2071 1239 2138 vixisse
1275 2070 1404 2137 scimus.

288 2178 366 2245 Nisi
389 2178 477 2246 forte
500 2179 714 2247 Gaetulicum
737 2181 873 2246 eundem
897 2179 1000 2245 fuisse
1024 2186 1126 2260 atque
1142 2178 1201 2246 (ln.
1219 2178 1408 2245 cornelium

288 2286 466 2353 Lentulum
484 2285 694 2353 Gaetulicum
702 2291 727 2367 ²)
745 2292 780 2353 et
796 2287 968 2352 Philonem
980 2286 1182 2368 Byhlensem
1196 2286 1288 2352 illum
1304 2284 1408 2352 fuisse

289 2393 573 2476 grammaticum³)
596 2412 712 2477 negas.

379 2499 445 2566 Sed
468 2501 572 2566 etiam
595 2500 679 2566 alios
703 2506 821 2582 poetas
845 2499 1006 2582 indagare
1022 2518 1193 2581 possumus
1215 2499 1318 2565 series
1342 2499 1408 2582 epi·

291 2611 509 2688 grammatum
531 2604 610 2669 κατὰ
630 2620 783 2684 στοιχεῖον
799 2604 1026 2687 incipientium
1046 2606 1300 2688 perlustrantes.
1338 2605 1409 2671 Ad·

289 2718 386 2794 paret
410 2712 495 2778 enim
520 2731 576 2779 eos
599 2717 728 2795 poetas,
754 2731 888 2794 quorum
906 2711 1150 2794 epigrammata
1174 2713 1410 2779 elementorum

291 2818 405 2885 ordine
417 2819 593 2885 coniuncta
607 2824 693 2898 sunt,
708 2819 914 2884 necessitate
927 2819 1069 2900 quodam
1078 2819 1212 2887 iuterse
1222 2821 1409 2902 cohaerere,

292 2926 443 2992 nimirum
473 2925 508 2992 in
538 2925 741 3011 Diogeniani
772 2926 964 3008 anthologio
996 2927 1179 3009 composita
1208 2926 1322 2993 fuisse.
1369 2928 1411 2992 In

291 3033 405 3114 primis
428 3032 464 3098 in
485 3033 570 3099 libro
594 3033 774 3108 undecimo,
800 3038 835 3099 et
859 3033 988 3114 quidem
1008 3034 1106 3098 finem
1129 3052 1256 3113 versus,
1281 3039 1320 3099 ut
1340 3032 1411 3100 lere

294 3158 434 3222 semper,
459 3139 650 3223 fragmenta
674 3140 779 3207 libelli
802 3139 1024 3222 Diogenianei
1046 3140 1180 3206 meliore
1203 3140 1317 3206 ordine
1345 3158 1411 3206 ser-

291 3253 375 3314 rata
405 3253 498 3333 suut,
530 3249 616 3329 quod
643 3248 789 3314 fortasse
819 3266 892 3313 cum
915 3247 1149 3332 Weigandiol)
1181 3267 1218 3313 eo
1252 3247 1413 3330 explicari

291 3357 414 3437 potest,
432 3354 518 3434 quod
534 3354 787 3435 Constantinus,
812 3358 988 3437 postquam
1007 3372 1128 3435 omnes,
1153 3354 1208 3435 qni
1228 3354 1259 3421 ei
1274 3359 1412 3438 praesto

292 3465 404 3542 erant,
436 3460 555 3528 titulos
587 3461 746 3542 absolvit,
779 3460 901 3526 iterum
928 3467 1031 3542 atque
1059 3461 1180 3526 iterum
1202 3460 1327 3538 fontes,
1358 3460 1413 3527 vel

291 3567 417 3634 rectius
440 3566 565 3633 fontem
589 3566 794 3650 primarium,
828 3566 1065 3648 perquisivisse
1095 3567 1228 3633 videtur
1257 3571 1292 3632 et
1315 3565 1412 3648 spici·

293 3674 415 3757 legium
438 3675 534 3755 quasi
556 3674 692 3757 fecisse,
725 3692 787 3755 quo
810 3672 845 3738 in
868 3673 1003 3756 negotio
1027 3673 1129 3739 etiam
1151 3673 1184 3738 iu
1208 3691 1311 3740 novos
1334 3690 1413 3738 nou·

292 3781 399 3846 nullos
421 3780 539 3847 incidit
562 3781 690 3846 titulos.

452 3888 597 3954 Maiores
621 3887 724 3971 igitur
748 3886 852 3953 series
876 3888 976 3953 hasce
999 3886 1143 3969 repperi:

383 4012 454 4076 cap.
474 3995 542 4060 XI.
566 3999 762 4058 aaa-398.
803 3999 914 4056 11-11.
955 3993 1099 4074 Lucillii‚
1116 3991 1284 4058 Nicarchi.

384 4152 405 4218 ¹)
423 4151 442 4207 l.
460 4151 479 4206 l.
498 4167 563 4221 pag.
582 4152 643 4206 664.

387 4239 409 4310 ⁹)
429 4240 463 4296 de
483 4256 535 4309 quo
554 4238 617 4294 vide
636 4238 753 4295 Teuffel.
773 4239 870 4293 histor.
889 4238 945 4294 litt
958 4254 1025 4294 rom.
1044 4237 1097 4295 Il.l
1115 4239 1202 4308 aal,1.

385 4328 406 4396 ³)
425 4327 460 4384 cl.
479 4328 575 4383 Rohda
594 4329 612 4383 1.
632 4329 650 4386 l.
669 4345 733 4399 pag.
755 4329 815 4384 186.
835 4327 898 4383 adn.
917 4329 943 4382 3.
963 4335 993 4384 et
1012 4328 1071 4382 175.

385 4416 409 4487 ⁴)
428 4417 445 4472 1.
464 4418 483 4472 l.
502 4434 566 4487 pag.
588 4418 647 4472 166.
1202 4486 1239 4542 1*
