3460 5218
719 492 940 551 ..47-

272 669 456 751 enarravit,
481 673 592 733 tamen
618 684 688 734 eum
714 665 879 732 facultate
902 665 1036 749 poetica
1054 665 1204 732 floruisse
1227 683 1292 732 non
1316 685 1390 732 con·

269 780 351 841 stat.
398 773 481 840 Mihi
505 773 540 839 in
561 777 706 838 mentem
721 771 815 839 venit
831 771 994 838 Antiochi
1017 772 1190 839 histrionis
1214 772 1303 838 illius
1319 772 1390 840 sive

272 880 418 947 comoedi
444 880 521 946 istis
544 879 747 962 temporibus
773 878 858 945 satis
886 877 1015 956 famosi,
1048 879 1139 946 cuius
1164 878 1313 945 meminit
1335 880 1390 946 Iu·

268 986 397 1055 venalis
419 987 487 1053 III.
504 991 555 1052 98.

359 1092 606 1176 Apollinarii
629 1093 708 1173 (XI.
727 1098 799 1156 399.
819 1090 908 1176 421.)
934 1099 994 1159 ant
1017 1092 1231 1175 Apollinares
1249 1091 1390 1160 Flaviae

269 1201 396 1267 aetatis
426 1200 537 1282 plures
567 1199 639 1264 noti
666 1205 754 1265 suut.
804 1199 982 1266 Suetonius
1011 1201 1124 1284 (Vesp.
1153 1202 1215 1281 19.)
1248 1198 1389 1265 tradidit

274 1306 519 1390 Apollinarium
548 1305 634 1385 (libri
663 1325 834 1387 perverse:
863 1306 1016 1390 apellari)
1047 1306 1243 1390 tragoedum
1266 1325 1288 1372 a
1309 1306 1391 1374 Ves-

269 1414 408 1497 pasiano
432 1412 540 1479 anreis
565 1412 693 1479 coronis
718 1413 875 1480 donatum
900 1432 983 1479 esse.
1023 1412 1123 1480 Alius
1148 1416 1201 1480 est
1224 1412 1391 1479 Domitius

271 1520 487 1603 Apollinaris,
513 1519 626 1586 consul
651 1517 808 1585 suffectus
832 1519 911 1585 anui
936 1525 998 1600 97,
1024 1520 1159 1603 legatus
1175 1520 1310 1604 Lyciae,
1335 1519 1391 1601 qni

276 1646 377 1710 saepe
399 1627 487 1711 apud
509 1625 701 1693 Martialem
733 1631 768 1692 et
798 1627 942 1692 Plinium
973 1626 1276 1711 epistolographum
1307 1641 1390 1692 corrr-

271 1740 481 1801 memoratur.
535 1735 675 1801 Erravit
706 1737 798 1800 certe
830 1734 1003 1800 Iacobsius
1033 1735 1152 1816 (XIlI.
1182 1738 1286 1815 853.),
1319 1753 1391 1800 cum

268 1846 400 1925 poetam
431 1847 581 1907 nostrum
612 1840 780 1926 Libanii¹)
805 1841 944 1907 amicum
968 1841 1072 1908 fuisse
1103 1846 1248 1924 putaret.
1292 1841 1391 1907 Prius

273 1948 480 2032 epigramma
502 1948 535 2013 in
552 1946 735 2031 Glyconem
758 1948 924 2014 rhetorem
940 1947 1123 2031 invehitur3
1147 1948 1236 2015 hand
1259 1948 1327 2014 scio
1347 1967 1391 2014 an

269 2054 368 2121 istius
393 2053 563 2137 Glyconis,
588 2054 641 2120 cui
658 2054 833 2138 Spyridion
841 2057 868 2140 ²)
893 2074 1072 2139 cognomen
1095 2060 1180 2137 erat,
1205 2054 1390 2122 meminerit

269 2160 397 2229 Seneca
420 2161 455 2227 in
478 2160 716 2227 controversiis
741 2167 776 2227 et
801 2161 959 2228 suasoriis
983 2161 1184 2245 saepissime.

357 2268 410 2334 De
420 2267 567 2335 Pisone
580 2266 718 2348 denique
730 2286 771 2333 rre
786 2268 995 2335 coniecturas
1004 2269 1133 2351 quidem
1142 2267 1390 2353 proferrelicet.

723 2573 932 2582 ———

359 2782 431 2848 Iam
456 2781 607 2864 quoniam
632 2802 689 2851 eos
713 2789 842 2868 poetas,
867 2803 947 2867 qnos
971 2789 1063 2852 certe
1085 2785 1314 2869 Diogenianus
1338 2803 1390 2850 ex·

274 2887 406 2971 carpsit,
430 2889 714 2971 perlustravimus,
733 2890 776 2956 ad
792 2910 848 2958 eos
863 2893 1022 2968 venimus,
1047 2910 1127 2974 quos
1148 2891 1281 2958 eciamsi
1303 2890 1390 2958 forte

270 3013 381 3061 eorum
404 3000 559 3078 poemata
587 2995 652 3063 iarn
685 3016 749 3064 non
774 2997 868 3065 intra
898 2999 1030 3066 ordines
1065 2998 1294 3081 alphabeticus
1325 3017 1390 3065 ser·

268 3108 352 3169 vata
368 3108 455 3180 sunt,
477 3109 592 3169 tamen
608 3104 811 3188 Diogeniani
827 3106 1020 3190 anthologio
1037 3107 1272 3173 adnumeratos
1287 3105 1390 3172 fuisse

267 3209 452 3276 verisimile
476 3217 539 3284 est,
564 3230 637 3277 cum
659 3218 837 3295 propterea
859 3213 946 3295 quod
969 3214 1142 3280 nonnullos
1166 3212 1243 3279 istis
1266 3218 1390 3295 tempo·

267 3315 362 3383 ribus
383 3317 508 3384 vixisse
526 3322 668 3398 constat,
694 3323 765 3385 tum
782 3319 868 3401 quod
884 3327 958 3386 tota
974 3321 1248 3404 epigrammatum
1263 3319 1390 3386 indoles

272 3423 464 3505 speciesque
488 3424 556 3489 alia
582 3429 696 3490 aetate
720 3426 785 3492 nisi
808 3427 872 3492 hac
894 3446 959 3493 non
983 3428 1162 3494 colebatur.

358 3529 537 3596 Exordium
559 3531 728 3613 capiamus
750 3534 792 3599 ab
813 3533 1020 3600 Hadriano
1043 3534 1251 3618 imperatore.
1285 3533 1390 3618 Quem

268 3632 435 3702 facultate
451 3636 582 3719 poetica
603 3638 791 3720 praeditum
811 3638 914 3706 fuisse
935 3645 1107 3707 testantur
1127 3645 1162 3708 et
1182 3641 1388 3723 scriptorum,

270 3741 449 3825 praecipue
465 3743 647 3826 Spartiani,
664 3746 858 3811 testimonia
878 3753 913 3813 et
929 3747 1032 3830 ipsius
1053 3747 1263 3830 imperatoris
1281 3747 1390 3814 latina

270 3847 425 3924 carmina,
452 3869 536 3930 quaa
560 3852 668 3918 adhuc
690 3852 726 3918 in
749 3853 943 3936 anthologia
966 3853 1075 3920 latina
1099 3857 1319 3937 supersuntf)

358 4061 379 4121 ¹)
400 4059 496 4116 Liben.
516 4077 558 4131 ep.
577 4063 620 4131 66,
640 4064 665 4119 5.
929 4112 932 4118 .

359 4148 381 4218 ⁹)
401 4148 436 4205 cf.
458 4149 662 4208 Westermann.
680 4152 745 4208 hist.
765 4153 853 4221 eloqu.
873 4153 890 4225 ξ
908 4157 953 4222 66,
973 4157 1015 4210 26.

358 4237 380 4304 ⁸)
400 4237 534 4295 conferas
559 4238 701 4308 Spartiani
723 4241 822 4297 verba:
850 4241 919 4311 (vlt.
942 4240 1027 4298 Hadr.
1048 4241 1114 4312 16.):
1144 4241 1248 4298 Famae
1271 4240 1388 4298 celebris

268 4325 427 4382 Hadrianus
440 4332 498 4382 tam
511 4327 626 4397 cupidus
644 4328 708 4398 fuit,
726 4336 759 4384 nt
776 4329 861 4385 libros
879 4330 957 4386 vitae
976 4345 1043 4385 suaa
1061 4329 1179 4400 scriptos
1196 4346 1214 4386 a
1231 4346 1260 4386 se
1281 4329 1389 4387 libertis

268 4413 329 4471 suis
342 4415 478 4472 litteratis
497 4416 615 4486 dederit,
632 4417 738 4488 iubens,
757 4427 789 4474 ut
807 4435 855 4476 eos
873 4419 932 4476 anis
949 4417 1106 4476 nominibus
1117 4419 1293 4490 publicarent
1299 4439 1307 4490 ;
1325 4436 1388 4476 nam
