3460 5218
721 521 939 578 ..13-

360 692 570 774 inquiramus
592 691 698 775 igitur
721 692 757 759 in
779 691 921 758 Luciani
944 690 1197 775 epigrammata.

357 801 399 866 In
422 799 612 867 universum
634 799 664 865 si
687 799 908 882 conspexeris,
940 801 1087 867 fortasse
1120 798 1211 864 dices
1239 817 1280 864 ea
1303 798 1392 865 haud

267 906 319 971 ita
342 906 443 988 digua
467 925 541 972 esee
566 905 723 982 Lucieno,
754 906 789 972 id
820 906 907 988 quod
936 905 1131 988 saepissime
1156 904 1286 973 Settius
1315 925 1390 972 con·

268 1013 386 1079 tendit.
436 1015 561 1080 Tamen
588 1012 661 1094 quis
693 1017 746 1104 cst
774 1013 829 1094 qui
852 1013 983 1079 nesciat
1013 1013 1176 1079 interdum
1210 1013 1390 1081 dormitare

269 1120 371 1187 etiam
401 1121 597 1202 Homerum,
628 1121 743 1202 itaque
776 1120 909 1203 saepius
940 1120 1044 1188 etiam
1074 1121 1257 1187 Lucianum
1290 1128 1325 1189 et
1356 1122 1389 1188 in

241 1227 404 1310 ¹scriptis
435 1227 565 1308 quidem
595 1229 709 1310 procul
737 1228 835 1295 dubio
858 1226 1011 1312 genuinis
1041 1228 1139 1293 nimis
1164 1246 1237 1294 esse
1260 1229 1389 1313 langui·

270 1335 342 1400 dum
367 1352 503 1416 eumque
531 1334 621 1401 haud
643 1335 695 1401 ita
717 1354 793 1401 raro
824 1334 907 1401 iocis
937 1352 1054 1417 pamm
1085 1333 1185 1400 salsis
1216 1334 1390 1403 fastidium

268 1441 439 1508 admodum
468 1441 622 1510 movere?
668 1442 735 1509 Sed
758 1461 800 1508 ne
823 1449 960 1520 γλαῦκας
982 1445 1024 1517 εἰς
1046 1438 1180 1522 Ἀθήνας
1210 1442 1298 1508 ferre
1326 1443 1389 1508 tibi

268 1548 398 1625 videar,
423 1550 554 1630 qualem
577 1549 980 1634 epigrammatographum
1000 1555 1111 1632 pocta,
1144 1549 1199 1629 qui
1222 1550 1389 1617 Lucienus

268 1655 382 1734 fertur,
408 1674 481 1722 eece
505 1656 726 1738 praestiterit,
752 1657 933 1738 expediam.

360 1762 614 1846 Epigrammata
628 1763 733 1846 igitur
748 1763 808 1829 ilia
824 1763 994 1830 Lucianea
1011 1763 1199 1830 sententias
1215 1763 1389 1830 admodum

268 1869 370 1936 tritas
407 1871 563 1936 exhibent
596 1875 632 1936 et
663 1870 767 1953 primo
799 1872 918 1936 obtutu
946 1875 1087 1952 apparet
1121 1889 1192 1936 cum
1224 1871 1388 1937 exercita·

268 1976 376 2042 tiones
401 1995 473 2043 esse
497 1976 735 2042 rhetoricarum
759 1978 954 2057 scholarum,
979 1978 1014 2044 in
1037 1977 1153 2058 quibus
1173 1977 1254 2043 illae
1270 1979 1388 2045 breves

269 2083 447 2166 praecipue
470 2089 597 2165 septem
621 2084 822 2165 sapientium
839 2085 1029 2150 sententiae
1052 2084 1085 2150 in
1101 2085 1235 2151 brevem
1260 2091 1295 2150 ct
1312 2105 1388 2152 acu·

269 2197 339 2256 tam
370 2189 509 2256 formam
531 2190 705 2257 metricam
737 2191 844 2274 redigi
875 2193 1028 2258 solebant
1052 2229 1094 2239 -
1119 2197 1154 2257 et
1186 2192 1390 2275 epigramma

270 2296 446 2378 aptissima
469 2303 544 2362 erat
559 2297 665 2363 forma
681 2298 775 2364 hisce
800 2296 1095 2364 exercitationibus
1111 2336 1165 2383 —,
1189 2303 1260 2365 tum
1281 2301 1390 2366 omnia

268 2403 328 2468 illa
344 2403 586 2486 epigrammata
610 2407 653 2470 ab
677 2424 740 2472 uno
766 2405 943 2487 eodemque
966 2411 1066 2487 poeta
1091 2406 1281 2489 conscripta
1304 2426 1389 2474 esse.

270 2511 337 2577 Per
361 2529 397 2576 oe
427 2510 606 2578 verisimile
629 2530 695 2578 non
719 2518 771 2578 cst
796 2517 952 2581 servatas
980 2530 1054 2578 esse
1078 2513 1154 2578 illas
1183 2513 1388 2595 quisquilias,

269 2617 336 2683 nisi
370 2624 511 2684 ornatae
545 2617 688 2685 fuissent
723 2621 881 2686 lemmate
915 2625 986 2685 tam
1020 2620 1208 2702 praeclaro,
1249 2621 1391 2689 Luciani

270 2724 518 2792 Samosatensis
541 2725 683 2794 nomine.

357 2832 428 2897 Iam
468 2833 600 2916 singula
641 2834 899 2915 contemplemur
937 2832 1196 2916 epigrammata:
1254 2835 1300 2900 X.
1338 2839 1388 2901 26.

269 2939 516 3005 commendatur
532 2940 772 3023 epigrammate
792 2939 967 3024 αὐτάρκεια,
993 2940 1142 3007 omnibus
1166 2960 1271 3023 paene
1288 2941 1389 3023 scrip·

270 3045 398 3112 toribus
428 3047 677 3128 praeeuntibus3
715 3052 879 3114 memento
908 3047 1072 3126 Isocratis
1083 3046 1108 3132 ¹)
1147 3048 1187 3113 de
1218 3047 1391 3114 Demonici

270 3158 380 3235 patre:
405 3149 539 3217 ἀπέλαυε
554 3157 612 3229 μὲν
631 3163 698 3217 τῶν
720 3155 892 3234 παρόντων
915 3154 1048 3233 ἀγαθῶν
1072 3152 1115 3229 ὡς
1138 3152 1263 3234 θνητὸς,
1287 3156 1391 3230 ἐπεμε-

269 3266 353 3322 λεῖτο
376 3262 409 3322 δὲ
433 3263 498 3323 τῶν
520 3257 733 3340 ὑπαρχόντων
757 3260 801 3336 ὣς
820 3261 990 3337 ἀθάνατος,
1015 3281 1112 3343 quam
1135 3262 1337 3328 sententiam
1353 3268 1391 3328 ut

269 3366 445 3433 Menandri
467 3366 573 3433 refert
596 3368 807 3454 Ausonium).

357 3473 409 3539 Re
431 3472 543 3540 fruere
565 3479 603 3539 ut
626 3480 727 3541 natus
750 3476 916 3542 mortalis:
941 3475 1043 3560 dilige
1067 3474 1126 3541 sed
1146 3493 1215 3540 rem

358 3581 529 3661 Tanquam
553 3581 760 3648 immortalis.
809 3582 889 3650 Sors
917 3589 970 3649 est
1000 3583 1036 3648 in
1063 3587 1203 3662 utroque
1235 3583 1389 3650 verenda.

358 3687 404 3752 X.
422 3693 471 3751 27.
495 3689 702 3770 praeclaram
719 3689 788 3754 eius
806 3689 1007 3756 sententiam
1024 3689 1114 3755 Theo
1124 3688 1148 3769 ⁸)
1166 3689 1302 3754 Pittaco
1319 3689 1391 3772 My·

269 3793 414 3860 tilenaoo
438 3794 566 3875 tribuit,
598 3795 768 3879 Diogenes
797 3796 989 3881 Laertius⁴)
1013 3801 1126 3861 autem
1157 3796 1303 3876 Thaleti,
1336 3795 1391 3876 qui

268 3898 496 3984 interrogatus
526 3906 553 3963 εἰ
580 3900 674 3982 λήθοι
706 3901 801 3978 θεοὺς
831 3899 964 3978 ἀδικῶν,
996 3902 1183 3984 respondit:
1216 3899 1282 3964 ἀλλ’
1317 3901 1391 3964 οὐδὲ

270 4007 505 4082 διανοούμενος.

362 4183 382 4253 ¹)
403 4182 438 4237 ad
457 4183 596 4238 Demonio.
615 4199 638 4240 c.
658 4185 684 4239 Β.

361 4270 384 4340 ¹)
403 4271 491 4340 epigr.
513 4272 571 4326 14⁶.

361 4360 383 4430 ³)
402 4361 609 4430 Progymnarm.
627 4361 661 4417 V.

360 4449 382 4520 ⁴)
402 4449 423 4506 1.
441 4451 485 4504 86.
