<?xml version="1.0" encoding="UTF-8"?>
<!DOCTYPE html PUBLIC "-//W3C//DTD XHTML 1.0 Transitional//EN"
    "http://www.w3.org/TR/xhtml1/DTD/xhtml1-transitional.dtd">
<html xmlns="http://www.w3.org/1999/xhtml" xml:lang="en" lang="en">
 <head>
  <title>
</title>
<meta http-equiv="Content-Type" content="text/html;charset=utf-8" />
  <meta name='ocr-system' content='tesseract 3.04.00' />
  <meta name='ocr-capabilities' content='ocr_page ocr_carea ocr_par ocr_line ocrx_word'/>
</head>
<body>
  <div class='ocr_page' id='page_1' title='image "./deanthologiapal00sakogoog_0042.png"; bbox 0 0 3460 5218; ppageno 0'>
   <div class='ocr_carea' id='block_1_1' title="bbox 722 521 940 579">
    <p class='ocr_par' dir='ltr' id='par_1_1' title="bbox 722 521 940 579">
     <span class='ocr_line' id='line_1_1' title="bbox 722 521 940 579; baseline 0.018 -15"><span class='ocrx_word' id='word_1_1' title='bbox 722 521 940 579; x_wconf 77' lang='lat'>-31..</span> 
     </span>
    </p>
   </div>
   <div class='ocr_carea' id='block_1_2' title="bbox 276 691 1393 775">
    <p class='ocr_par' dir='ltr' id='par_1_2' title="bbox 276 691 1393 775">
     <span class='ocr_line' id='line_1_2' title="bbox 276 691 1393 775; baseline -0.007 -10"><span class='ocrx_word' id='word_1_2' title='bbox 276 703 348 765; x_wconf 91' lang='lat' dir='ltr'><strong>tum</strong></span> <span class='ocrx_word' id='word_1_3' title='bbox 372 703 446 762; x_wconf 81' lang='lat'>404.</span> <span class='ocrx_word' id='word_1_4' title='bbox 470 702 506 764; x_wconf 89' lang='lat' dir='ltr'><strong>et</strong></span> <span class='ocrx_word' id='word_1_5' title='bbox 530 701 604 761; x_wconf 80' lang='lat'><strong>405.</strong></span> <span class='ocrx_word' id='word_1_6' title='bbox 637 694 704 762; x_wconf 86' lang='lat' dir='ltr'><strong>Sed</strong></span> <span class='ocrx_word' id='word_1_7' title='bbox 726 713 791 761; x_wconf 94' lang='lat' dir='ltr'><strong>non</strong></span> <span class='ocrx_word' id='word_1_8' title='bbox 814 693 917 760; x_wconf 91' lang='lat' dir='ltr'><strong>attuli</strong></span> <span class='ocrx_word' id='word_1_9' title='bbox 947 691 1012 758; x_wconf 91' lang='lat' dir='ltr'><strong>nisi</strong></span> <span class='ocrx_word' id='word_1_10' title='bbox 1035 691 1303 775; x_wconf 90' lang='lat' dir='ltr'><strong>praeclarissima</strong></span> <span class='ocrx_word' id='word_1_11' title='bbox 1323 709 1393 758; x_wconf 89' lang='lat' dir='ltr'><strong>sar·</strong></span> 
     </span>
    </p>
   </div>
   <div class='ocr_carea' id='block_1_3' title="bbox 275 802 1397 1207">
    <p class='ocr_par' dir='ltr' id='par_1_3' title="bbox 277 802 564 885">
     <span class='ocr_line' id='line_1_3' title="bbox 277 802 564 885; baseline -0.017 -13"><span class='ocrx_word' id='word_1_12' title='bbox 277 804 380 871; x_wconf 90' lang='lat' dir='ltr'><strong>casmi</strong></span> <span class='ocrx_word' id='word_1_13' title='bbox 404 802 564 885; x_wconf 84' lang='lat' dir='ltr'><strong>exempla.</strong></span> 
     </span>
    </p>

    <p class='ocr_par' dir='ltr' id='par_1_4' title="bbox 275 904 1397 1207">
     <span class='ocr_line' id='line_1_4' title="bbox 363 904 1393 993; baseline -0.008 -15"><span class='ocrx_word' id='word_1_14' title='bbox 363 912 406 978; x_wconf 93' lang='lat' dir='ltr'><strong>In</strong></span> <span class='ocrx_word' id='word_1_15' title='bbox 426 909 604 993; x_wconf 89' lang='lat' dir='ltr'><strong>paroemiis</strong></span> <span class='ocrx_word' id='word_1_16' title='bbox 627 915 663 975; x_wconf 90' lang='lat' dir='ltr'><strong>et</strong></span> <span class='ocrx_word' id='word_1_17' title='bbox 685 906 832 991; x_wconf 90' lang='lat' dir='ltr'><strong>parodiis</strong></span> <span class='ocrx_word' id='word_1_18' title='bbox 855 906 1024 989; x_wconf 90' lang='lat' dir='ltr'><strong>paululum</strong></span> <span class='ocrx_word' id='word_1_19' title='bbox 1048 905 1278 972; x_wconf 81' lang='lat' dir='ltr'><strong>subsistamus.</strong></span> <span class='ocrx_word' id='word_1_20' title='bbox 1324 904 1393 970; x_wconf 93' lang='lat' dir='ltr'><strong>Ho-</strong></span> 
     </span>
     <span class='ocr_line' id='line_1_5' title="bbox 275 1009 1395 1100; baseline -0.007 -16"><span class='ocrx_word' id='word_1_21' title='bbox 275 1017 357 1092; x_wconf 86' lang='lat' dir='ltr'><strong>meri</strong></span> <span class='ocrx_word' id='word_1_22' title='bbox 387 1017 537 1100; x_wconf 87' lang='lat' dir='ltr'><strong>inprimis</strong></span> <span class='ocrx_word' id='word_1_23' title='bbox 566 1034 726 1099; x_wconf 84' lang='lat' dir='ltr'><strong>personas</strong></span> <span class='ocrx_word' id='word_1_24' title='bbox 753 1020 789 1081; x_wconf 91' lang='lat' dir='ltr'><strong>et</strong></span> <span class='ocrx_word' id='word_1_25' title='bbox 817 1033 935 1082; x_wconf 87' lang='lat' dir='ltr'><strong>versus</strong></span> <span class='ocrx_word' id='word_1_26' title='bbox 963 1013 1120 1096; x_wconf 87' lang='lat' dir='ltr'><strong>parodica</strong></span> <span class='ocrx_word' id='word_1_27' title='bbox 1150 1009 1395 1095; x_wconf 89' lang='lat' dir='ltr'><strong>perstringendi</strong></span> 
     </span>
     <span class='ocr_line' id='line_1_6' title="bbox 275 1120 1397 1207; baseline -0.005 -17"><span class='ocrx_word' id='word_1_28' title='bbox 275 1124 342 1190; x_wconf 89' lang='lat' dir='ltr'><strong>iam</strong></span> <span class='ocrx_word' id='word_1_29' title='bbox 386 1123 474 1207; x_wconf 89' lang='lat' dir='ltr'><strong>apud</strong></span> <span class='ocrx_word' id='word_1_30' title='bbox 513 1121 747 1204; x_wconf 85' lang='lat' dir='ltr'><strong>Epicharmnm</strong></span> <span class='ocrx_word' id='word_1_31' title='bbox 790 1120 961 1187; x_wconf 91' lang='lat' dir='ltr'><strong>luculenta</strong></span> <span class='ocrx_word' id='word_1_32' title='bbox 1005 1120 1155 1187; x_wconf 85' lang='lat' dir='ltr'><strong>videmus</strong></span> <span class='ocrx_word' id='word_1_33' title='bbox 1198 1123 1397 1203; x_wconf 85' lang='lat' dir='ltr'><strong>argumenta</strong></span> 
     </span>
    </p>
   </div>
   <div class='ocr_carea' id='block_1_4' title="bbox 249 1223 1403 4087">
    <p class='ocr_par' dir='ltr' id='par_1_5' title="bbox 277 1223 1395 1311">
     <span class='ocr_line' id='line_1_7' title="bbox 277 1223 1395 1311; baseline -0.004 -17"><span class='ocrx_word' id='word_1_34' title='bbox 277 1229 447 1311; x_wconf 78' lang='grc' dir='ltr'><strong>(Ὀδυσσῆς,</strong></span> <span class='ocrx_word' id='word_1_35' title='bbox 472 1225 635 1303; x_wconf 62' lang='grc' dir='ltr'><strong><em>Ὀδυσσεὺς</em></strong></span> <span class='ocrx_word' id='word_1_36' title='bbox 657 1225 838 1302; x_wconf 70' lang='lat' dir='ltr'><strong>circuitor</strong></span> <span class='ocrx_word' id='word_1_37' title='bbox 860 1227 1002 1309; x_wconf 86' lang='lat' dir='ltr'><strong>exempli</strong></span> <span class='ocrx_word' id='word_1_38' title='bbox 1024 1227 1137 1311; x_wconf 90' lang='lat' dir='ltr'><strong>gratia</strong></span> <span class='ocrx_word' id='word_1_39' title='bbox 1161 1227 1231 1293; x_wconf 91' lang='lat' dir='ltr'><strong>eius</strong></span> <span class='ocrx_word' id='word_1_40' title='bbox 1252 1231 1330 1292; x_wconf 89' lang='lat' dir='ltr'><strong>sunt</strong></span> <span class='ocrx_word' id='word_1_41' title='bbox 1352 1223 1395 1291; x_wconf 93' lang='lat' dir='ltr'><strong>ti·</strong></span> 
     </span>
    </p>

    <p class='ocr_par' dir='ltr' id='par_1_6' title="bbox 249 1332 1401 3001">
     <span class='ocr_line' id='line_1_8' title="bbox 275 1332 1395 1421; baseline -0.004 -18"><span class='ocrx_word' id='word_1_42' title='bbox 275 1335 365 1421; x_wconf 90' lang='lat' dir='ltr'><strong>tuli),</strong></span> <span class='ocrx_word' id='word_1_43' title='bbox 391 1336 446 1418; x_wconf 90' lang='lat' dir='ltr'><strong>qui</strong></span> <span class='ocrx_word' id='word_1_44' title='bbox 465 1341 589 1416; x_wconf 90' lang='lat' dir='ltr'><strong>tamen,</strong></span> <span class='ocrx_word' id='word_1_45' title='bbox 613 1339 772 1415; x_wconf 90' lang='lat' dir='ltr'><strong>quantum</strong></span> <span class='ocrx_word' id='word_1_46' title='bbox 791 1353 832 1400; x_wconf 87' lang='lat' dir='ltr'><strong>ax</strong></span> <span class='ocrx_word' id='word_1_47' title='bbox 852 1332 1051 1417; x_wconf 82' lang='lat' dir='ltr'><strong>fragmentis</strong></span> <span class='ocrx_word' id='word_1_48' title='bbox 1071 1333 1259 1417; x_wconf 83' lang='lat' dir='ltr'><strong>perspicere</strong></span> <span class='ocrx_word' id='word_1_49' title='bbox 1282 1349 1395 1415; x_wconf 91' lang='lat' dir='ltr'><strong>possu-</strong></span> 
     </span>
     <span class='ocr_line' id='line_1_9' title="bbox 249 1427 1395 1522; baseline -0.009 -12"><span class='ocrx_word' id='word_1_50' title='bbox 249 1427 251 1432; x_wconf 56' lang='grc'><strong>’</strong></span> <span class='ocrx_word' id='word_1_51' title='bbox 278 1462 359 1522; x_wconf 89' lang='lat' dir='ltr'><strong>mus,</strong></span> <span class='ocrx_word' id='word_1_52' title='bbox 384 1444 504 1510; x_wconf 88' lang='lat' dir='ltr'><strong>heroas</strong></span> <span class='ocrx_word' id='word_1_53' title='bbox 527 1447 660 1508; x_wconf 90' lang='lat' dir='ltr'><strong>tantum</strong></span> <span class='ocrx_word' id='word_1_54' title='bbox 678 1440 861 1506; x_wconf 86' lang='lat' dir='ltr'><strong>homericos</strong></span> <span class='ocrx_word' id='word_1_55' title='bbox 882 1439 1042 1507; x_wconf 91' lang='lat' dir='ltr'><strong>ridiculas</strong></span> <span class='ocrx_word' id='word_1_56' title='bbox 1062 1441 1207 1508; x_wconf 79' lang='lat' dir='ltr'><strong>reddidit</strong></span> <span class='ocrx_word' id='word_1_57' title='bbox 1225 1457 1395 1522; x_wconf 90' lang='lat' dir='ltr'><strong>personas.</strong></span> 
     </span>
     <span class='ocr_line' id='line_1_10' title="bbox 277 1544 1398 1629; baseline -0.005 -12"><span class='ocrx_word' id='word_1_58' title='bbox 277 1550 372 1617; x_wconf 89' lang='lat' dir='ltr'><strong>Idem</strong></span> <span class='ocrx_word' id='word_1_59' title='bbox 402 1548 473 1616; x_wconf 86' lang='lat' dir='ltr'><strong>iere</strong></span> <span class='ocrx_word' id='word_1_60' title='bbox 502 1548 597 1617; x_wconf 80' lang='lat' dir='ltr'><strong>valet</strong></span> <span class='ocrx_word' id='word_1_61' title='bbox 628 1547 668 1614; x_wconf 93' lang='lat' dir='ltr'><strong>de</strong></span> <span class='ocrx_word' id='word_1_62' title='bbox 698 1546 891 1613; x_wconf 88' lang='lat' dir='ltr'><strong>Atticorum</strong></span> <span class='ocrx_word' id='word_1_63' title='bbox 930 1548 1039 1629; x_wconf 89' lang='lat' dir='ltr'><strong>poetis</strong></span> <span class='ocrx_word' id='word_1_64' title='bbox 1071 1547 1203 1614; x_wconf 90' lang='lat' dir='ltr'><strong>comicis</strong></span> <span class='ocrx_word' id='word_1_65' title='bbox 1233 1544 1398 1628; x_wconf 83' lang='lat' dir='ltr'><strong>(Cratetis</strong></span> 
     </span>
     <span class='ocr_line' id='line_1_11' title="bbox 278 1654 1398 1738; baseline -0.002 -18"><span class='ocrx_word' id='word_1_66' title='bbox 278 1656 446 1738; x_wconf 78' lang='grc' dir='ltr'>Ὀδυσσῆς),</span> <span class='ocrx_word' id='word_1_67' title='bbox 480 1654 538 1722; x_wconf 92' lang='lat' dir='ltr'><strong>sed</strong></span> <span class='ocrx_word' id='word_1_68' title='bbox 565 1655 772 1723; x_wconf 83' lang='lat' dir='ltr'><strong>vellicabant</strong></span> <span class='ocrx_word' id='word_1_69' title='bbox 798 1655 910 1736; x_wconf 88' lang='lat' dir='ltr'><strong>potius</strong></span> <span class='ocrx_word' id='word_1_70' title='bbox 938 1654 1142 1738; x_wconf 85' lang='lat' dir='ltr'><strong>tragicorum</strong></span> <span class='ocrx_word' id='word_1_71' title='bbox 1171 1671 1332 1736; x_wconf 89' lang='lat' dir='ltr'><strong>personas</strong></span> <span class='ocrx_word' id='word_1_72' title='bbox 1362 1657 1398 1719; x_wconf 89' lang='lat' dir='ltr'><strong>et</strong></span> 
     </span>
     <span class='ocr_line' id='line_1_12' title="bbox 279 1757 1398 1847; baseline -0.004 -19"><span class='ocrx_word' id='word_1_73' title='bbox 279 1761 380 1830; x_wconf 89' lang='lat' dir='ltr'><strong>dicta.</strong></span> <span class='ocrx_word' id='word_1_74' title='bbox 389 1761 415 1847; x_wconf 79' lang='grc'><strong>1)</strong></span> <span class='ocrx_word' id='word_1_75' title='bbox 452 1762 586 1830; x_wconf 83' lang='lat' dir='ltr'><strong>(lentam</strong></span> <span class='ocrx_word' id='word_1_76' title='bbox 612 1767 726 1828; x_wconf 90' lang='lat' dir='ltr'><strong>antem</strong></span> <span class='ocrx_word' id='word_1_77' title='bbox 747 1761 911 1827; x_wconf 90' lang='lat' dir='ltr'><strong>rationem</strong></span> <span class='ocrx_word' id='word_1_78' title='bbox 934 1760 968 1827; x_wconf 92' lang='lat' dir='ltr'><strong>in</strong></span> <span class='ocrx_word' id='word_1_79' title='bbox 990 1762 1175 1828; x_wconf 90' lang='lat' dir='ltr'><strong>adludendo</strong></span> <span class='ocrx_word' id='word_1_80' title='bbox 1197 1761 1241 1827; x_wconf 92' lang='lat' dir='ltr'><strong>ad</strong></span> <span class='ocrx_word' id='word_1_81' title='bbox 1260 1757 1398 1825; x_wconf 90' lang='lat' dir='ltr'><strong>Homeri</strong></span> 
     </span>
     <span class='ocr_line' id='line_1_13' title="bbox 278 1867 1399 1952; baseline -0.004 -15"><span class='ocrx_word' id='word_1_82' title='bbox 278 1887 398 1937; x_wconf 87' lang='lat' dir='ltr'><strong>vorsus</strong></span> <span class='ocrx_word' id='word_1_83' title='bbox 425 1869 522 1950; x_wconf 93' lang='lat' dir='ltr'><strong>primi</strong></span> <span class='ocrx_word' id='word_1_84' title='bbox 547 1868 693 1952; x_wconf 82' lang='lat' dir='ltr'><strong>Cynicae</strong></span> <span class='ocrx_word' id='word_1_85' title='bbox 724 1867 952 1950; x_wconf 89' lang='lat' dir='ltr'><strong>philosophiae</strong></span> <span class='ocrx_word' id='word_1_86' title='bbox 984 1869 1152 1935; x_wconf 87' lang='lat' dir='ltr'><strong>satellites</strong></span> <span class='ocrx_word' id='word_1_87' title='bbox 1184 1868 1318 1948; x_wconf 88' lang='lat' dir='ltr'><strong>eiusque</strong></span> <span class='ocrx_word' id='word_1_88' title='bbox 1348 1884 1399 1932; x_wconf 91' lang='lat' dir='ltr'><strong>as·</strong></span> 
     </span>
     <span class='ocr_line' id='line_1_14' title="bbox 278 1972 1398 2060; baseline -0.004 -18"><span class='ocrx_word' id='word_1_89' title='bbox 278 1975 389 2042; x_wconf 89' lang='lat' dir='ltr'><strong>seclae</strong></span> <span class='ocrx_word' id='word_1_90' title='bbox 413 1975 651 2060; x_wconf 83' lang='lat' dir='ltr'><strong>statuerunt.²)</strong></span> <span class='ocrx_word' id='word_1_91' title='bbox 691 1975 834 2060; x_wconf 78' lang='lat' dir='ltr'><strong>Quorum</strong></span> <span class='ocrx_word' id='word_1_92' title='bbox 860 1974 1052 2059; x_wconf 85' lang='lat' dir='ltr'><strong>fragmenta</strong></span> <span class='ocrx_word' id='word_1_93' title='bbox 1077 1975 1105 2041; x_wconf 92' lang='lat' dir='ltr'><strong>si</strong></span> <span class='ocrx_word' id='word_1_94' title='bbox 1128 1972 1398 2058; x_wconf 82' lang='lat' dir='ltr'><strong>perlustraveris,</strong></span> 
     </span>
     <span class='ocr_line' id='line_1_15' title="bbox 277 2082 1400 2165; baseline -0.001 -16"><span class='ocrx_word' id='word_1_95' title='bbox 277 2082 429 2150; x_wconf 86' lang='lat' dir='ltr'><strong>invenies</strong></span> <span class='ocrx_word' id='word_1_96' title='bbox 460 2101 572 2150; x_wconf 90' lang='lat' dir='ltr'><strong>omnes</strong></span> <span class='ocrx_word' id='word_1_97' title='bbox 603 2082 674 2148; x_wconf 84' lang='lat' dir='ltr'><strong>fere</strong></span> <span class='ocrx_word' id='word_1_98' title='bbox 700 2099 827 2162; x_wconf 90' lang='lat' dir='ltr'><strong>versus,</strong></span> <span class='ocrx_word' id='word_1_99' title='bbox 860 2101 942 2163; x_wconf 90' lang='lat' dir='ltr'><strong>quos</strong></span> <span class='ocrx_word' id='word_1_100' title='bbox 971 2082 1186 2165; x_wconf 89' lang='lat' dir='ltr'><strong>scripserunt,</strong></span> <span class='ocrx_word' id='word_1_101' title='bbox 1219 2089 1278 2149; x_wconf 88' lang='lat' dir='ltr'><strong>aut</strong></span> <span class='ocrx_word' id='word_1_102' title='bbox 1309 2086 1400 2149; x_wconf 91' lang='lat' dir='ltr'><strong>totos</strong></span> 
     </span>
     <span class='ocr_line' id='line_1_16' title="bbox 281 2187 1398 2272; baseline -0.001 -17"><span class='ocrx_word' id='word_1_103' title='bbox 281 2208 324 2255; x_wconf 84' lang='lat' dir='ltr'><strong>ex</strong></span> <span class='ocrx_word' id='word_1_104' title='bbox 342 2189 489 2255; x_wconf 88' lang='lat' dir='ltr'><strong>Homero</strong></span> <span class='ocrx_word' id='word_1_105' title='bbox 513 2189 733 2272; x_wconf 89' lang='lat' dir='ltr'><strong>depromptos,</strong></span> <span class='ocrx_word' id='word_1_106' title='bbox 756 2187 895 2254; x_wconf 90' lang='lat' dir='ltr'><strong>ridiculo</strong></span> <span class='ocrx_word' id='word_1_107' title='bbox 918 2194 1032 2255; x_wconf 90' lang='lat' dir='ltr'><strong>tamen</strong></span> <span class='ocrx_word' id='word_1_108' title='bbox 1052 2207 1177 2255; x_wconf 84' lang='lat' dir='ltr'><strong>conexu</strong></span> <span class='ocrx_word' id='word_1_109' title='bbox 1197 2188 1398 2270; x_wconf 89' lang='lat' dir='ltr'><strong>coniunctos,</strong></span> 
     </span>
     <span class='ocr_line' id='line_1_17' title="bbox 283 2294 1399 2380; baseline -0.001 -18"><span class='ocrx_word' id='word_1_110' title='bbox 283 2302 342 2362; x_wconf 90' lang='lat' dir='ltr'><strong>aut</strong></span> <span class='ocrx_word' id='word_1_111' title='bbox 372 2295 542 2378; x_wconf 90' lang='lat' dir='ltr'><strong>paululum</strong></span> <span class='ocrx_word' id='word_1_112' title='bbox 568 2294 719 2362; x_wconf 90' lang='lat' dir='ltr'><strong>detortos</strong></span> <span class='ocrx_word' id='word_1_113' title='bbox 753 2312 842 2378; x_wconf 90' lang='lat' dir='ltr'><strong>esse,</strong></span> <span class='ocrx_word' id='word_1_114' title='bbox 874 2295 925 2361; x_wconf 88' lang='lat' dir='ltr'><strong>ita</strong></span> <span class='ocrx_word' id='word_1_115' title='bbox 957 2301 1070 2361; x_wconf 90' lang='lat' dir='ltr'><strong>tamen</strong></span> <span class='ocrx_word' id='word_1_116' title='bbox 1097 2300 1136 2361; x_wconf 91' lang='lat' dir='ltr'><strong>ut</strong></span> <span class='ocrx_word' id='word_1_117' title='bbox 1166 2294 1399 2380; x_wconf 86' lang='lat' dir='ltr'><strong>unusquisque,</strong></span> 
     </span>
     <span class='ocr_line' id='line_1_18' title="bbox 281 2400 1399 2485; baseline -0.002 -17"><span class='ocrx_word' id='word_1_118' title='bbox 281 2403 337 2484; x_wconf 86' lang='lat' dir='ltr'><strong>qni</strong></span> <span class='ocrx_word' id='word_1_119' title='bbox 360 2401 519 2468; x_wconf 89' lang='lat' dir='ltr'><strong>audiebat</strong></span> <span class='ocrx_word' id='word_1_120' title='bbox 550 2402 612 2468; x_wconf 91' lang='lat' dir='ltr'><strong>has</strong></span> <span class='ocrx_word' id='word_1_121' title='bbox 640 2401 811 2484; x_wconf 89' lang='lat' dir='ltr'><strong>parodias,</strong></span> <span class='ocrx_word' id='word_1_122' title='bbox 845 2401 944 2468; x_wconf 87' lang='lat' dir='ltr'><strong>facile</strong></span> <span class='ocrx_word' id='word_1_123' title='bbox 968 2402 1145 2485; x_wconf 85' lang='lat' dir='ltr'><strong>genuinam</strong></span> <span class='ocrx_word' id='word_1_124' title='bbox 1168 2401 1306 2468; x_wconf 91' lang='lat' dir='ltr'><strong>Homeri</strong></span> <span class='ocrx_word' id='word_1_125' title='bbox 1337 2400 1399 2466; x_wconf 93' lang='lat' dir='ltr'><strong>ori·</strong></span> 
     </span>
     <span class='ocr_line' id='line_1_19' title="bbox 282 2507 1401 2593; baseline 0 -19"><span class='ocrx_word' id='word_1_126' title='bbox 282 2509 390 2593; x_wconf 84' lang='lat' dir='ltr'><strong>ginem</strong></span> <span class='ocrx_word' id='word_1_127' title='bbox 423 2508 717 2576; x_wconf 87' lang='lat' dir='ltr'><strong>animadverteret.</strong></span> <span class='ocrx_word' id='word_1_128' title='bbox 765 2508 967 2592; x_wconf 86' lang='lat' dir='ltr'><strong>Saepissime</strong></span> <span class='ocrx_word' id='word_1_129' title='bbox 998 2515 1110 2574; x_wconf 90' lang='lat' dir='ltr'><strong>autem</strong></span> <span class='ocrx_word' id='word_1_130' title='bbox 1140 2507 1312 2591; x_wconf 92' lang='lat' dir='ltr'><strong>parodiam</strong></span> <span class='ocrx_word' id='word_1_131' title='bbox 1349 2507 1401 2574; x_wconf 88' lang='lat' dir='ltr'><strong>ita</strong></span> 
     </span>
     <span class='ocr_line' id='line_1_20' title="bbox 283 2613 1401 2699; baseline -0.003 -17"><span class='ocrx_word' id='word_1_132' title='bbox 283 2621 416 2682; x_wconf 88' lang='lat' dir='ltr'><strong>tantum</strong></span> <span class='ocrx_word' id='word_1_133' title='bbox 448 2615 652 2694; x_wconf 83' lang='lat' dir='ltr'><strong>formabant,</strong></span> <span class='ocrx_word' id='word_1_134' title='bbox 683 2621 722 2681; x_wconf 93' lang='lat' dir='ltr'><strong>nt</strong></span> <span class='ocrx_word' id='word_1_135' title='bbox 753 2615 916 2697; x_wconf 89' lang='lat' dir='ltr'><strong>epicorum</strong></span> <span class='ocrx_word' id='word_1_136' title='bbox 944 2621 1116 2699; x_wconf 91' lang='lat' dir='ltr'><strong>poetarum</strong></span> <span class='ocrx_word' id='word_1_137' title='bbox 1144 2633 1265 2681; x_wconf 89' lang='lat' dir='ltr'><strong>morem</strong></span> <span class='ocrx_word' id='word_1_138' title='bbox 1294 2613 1401 2682; x_wconf 89' lang='lat' dir='ltr'><strong>secuti</strong></span> 
     </span>
     <span class='ocr_line' id='line_1_21' title="bbox 281 2720 1400 2805; baseline -0.002 -17"><span class='ocrx_word' id='word_1_139' title='bbox 281 2740 370 2789; x_wconf 91' lang='lat' dir='ltr'><strong>nova</strong></span> <span class='ocrx_word' id='word_1_140' title='bbox 390 2720 555 2804; x_wconf 89' lang='lat' dir='ltr'><strong>fingerent</strong></span> <span class='ocrx_word' id='word_1_141' title='bbox 570 2722 683 2803; x_wconf 84' lang='lat' dir='ltr'><strong>verba,</strong></span> <span class='ocrx_word' id='word_1_142' title='bbox 709 2740 794 2804; x_wconf 87' lang='lat' dir='ltr'><strong>quae</strong></span> <span class='ocrx_word' id='word_1_143' title='bbox 813 2721 913 2788; x_wconf 87' lang='lat' dir='ltr'><strong>facile</strong></span> <span class='ocrx_word' id='word_1_144' title='bbox 929 2721 972 2788; x_wconf 90' lang='lat' dir='ltr'><strong>ad</strong></span> <span class='ocrx_word' id='word_1_145' title='bbox 989 2741 1039 2805; x_wconf 90' lang='lat' dir='ltr'><strong>ea,</strong></span> <span class='ocrx_word' id='word_1_146' title='bbox 1063 2741 1147 2803; x_wconf 89' lang='lat' dir='ltr'><strong>quae</strong></span> <span class='ocrx_word' id='word_1_147' title='bbox 1171 2724 1400 2805; x_wconf 86' lang='lat' dir='ltr'><strong>sectabantur,</strong></span> 
     </span>
     <span class='ocr_line' id='line_1_22' title="bbox 283 2826 1400 2911; baseline -0.002 -17"><span class='ocrx_word' id='word_1_148' title='bbox 283 2828 508 2905; x_wconf 89' lang='lat' dir='ltr'><strong>adsonabant‚</strong></span> <span class='ocrx_word' id='word_1_149' title='bbox 540 2829 740 2911; x_wconf 89' lang='lat' dir='ltr'><strong>praesertim</strong></span> <span class='ocrx_word' id='word_1_150' title='bbox 771 2847 844 2894; x_wconf 87' lang='lat' dir='ltr'><strong>cunr</strong></span> <span class='ocrx_word' id='word_1_151' title='bbox 875 2828 990 2895; x_wconf 90' lang='lat' dir='ltr'><strong>eadem</strong></span> <span class='ocrx_word' id='word_1_152' title='bbox 1020 2847 1138 2896; x_wconf 91' lang='lat' dir='ltr'><strong>versus</strong></span> <span class='ocrx_word' id='word_1_153' title='bbox 1169 2828 1248 2895; x_wconf 87' lang='lat' dir='ltr'><strong>sede</strong></span> <span class='ocrx_word' id='word_1_154' title='bbox 1275 2826 1400 2894; x_wconf 88' lang='lat' dir='ltr'><strong>inveni·</strong></span> 
     </span>
     <span class='ocr_line' id='line_1_23' title="bbox 281 2940 406 3001; baseline -0.016 0"><span class='ocrx_word' id='word_1_155' title='bbox 281 2940 406 3001; x_wconf 90' lang='lat' dir='ltr'><strong>rentur.</strong></span> 
     </span>
    </p>

    <p class='ocr_par' dir='ltr' id='par_1_7' title="bbox 282 3040 1401 3428">
     <span class='ocr_line' id='line_1_24' title="bbox 372 3040 1400 3126; baseline -0.001 -18"><span class='ocrx_word' id='word_1_156' title='bbox 372 3040 515 3125; x_wconf 81' lang='lat' dir='ltr'><strong>Quorum</strong></span> <span class='ocrx_word' id='word_1_157' title='bbox 541 3041 728 3126; x_wconf 87' lang='lat' dir='ltr'><strong>cynicorum</strong></span> <span class='ocrx_word' id='word_1_158' title='bbox 750 3061 875 3109; x_wconf 90' lang='lat' dir='ltr'><strong>morem</strong></span> <span class='ocrx_word' id='word_1_159' title='bbox 894 3041 1122 3123; x_wconf 89' lang='lat' dir='ltr'><strong>rationemque</strong></span> <span class='ocrx_word' id='word_1_160' title='bbox 1141 3041 1177 3108; x_wconf 92' lang='lat' dir='ltr'><strong>in</strong></span> <span class='ocrx_word' id='word_1_161' title='bbox 1193 3040 1400 3108; x_wconf 89' lang='lat' dir='ltr'><strong>decantando</strong></span> 
     </span>
     <span class='ocr_line' id='line_1_25' title="bbox 282 3147 1400 3231; baseline 0 -17"><span class='ocrx_word' id='word_1_162' title='bbox 282 3149 429 3214; x_wconf 91' lang='lat' dir='ltr'><strong>Homero</strong></span> <span class='ocrx_word' id='word_1_163' title='bbox 452 3148 600 3215; x_wconf 91' lang='lat' dir='ltr'><strong>Lucilius</strong></span> <span class='ocrx_word' id='word_1_164' title='bbox 632 3167 759 3230; x_wconf 86' lang='lat' dir='ltr'><strong>quoque</strong></span> <span class='ocrx_word' id='word_1_165' title='bbox 788 3148 921 3231; x_wconf 90' lang='lat' dir='ltr'><strong>saepius</strong></span> <span class='ocrx_word' id='word_1_166' title='bbox 952 3153 1087 3214; x_wconf 88' lang='lat' dir='ltr'><strong>secutus</strong></span> <span class='ocrx_word' id='word_1_167' title='bbox 1118 3151 1181 3214; x_wconf 88' lang='lat' dir='ltr'><strong>est.</strong></span> <span class='ocrx_word' id='word_1_168' title='bbox 1228 3147 1400 3230; x_wconf 81' lang='lat' dir='ltr'><strong>conferas,</strong></span> 
     </span>
     <span class='ocr_line' id='line_1_26' title="bbox 283 3254 1401 3340; baseline -0.003 -17"><span class='ocrx_word' id='word_1_169' title='bbox 283 3255 393 3338; x_wconf 86' lang='lat' dir='ltr'><strong>velim,</strong></span> <span class='ocrx_word' id='word_1_170' title='bbox 418 3257 569 3339; x_wconf 84' lang='lat' dir='ltr'><strong>exempla</strong></span> <span class='ocrx_word' id='word_1_171' title='bbox 593 3275 665 3322; x_wconf 91' lang='lat' dir='ltr'><strong>cum</strong></span> <span class='ocrx_word' id='word_1_172' title='bbox 688 3255 827 3340; x_wconf 86' lang='lat' dir='ltr'><strong>cynicis,</strong></span> <span class='ocrx_word' id='word_1_173' title='bbox 861 3273 997 3338; x_wconf 90' lang='lat' dir='ltr'><strong>prorsus</strong></span> <span class='ocrx_word' id='word_1_174' title='bbox 1028 3255 1167 3321; x_wconf 88' lang='lat' dir='ltr'><strong>eandem</strong></span> <span class='ocrx_word' id='word_1_175' title='bbox 1197 3254 1326 3323; x_wconf 89' lang='lat' dir='ltr'><strong>videbis</strong></span> <span class='ocrx_word' id='word_1_176' title='bbox 1348 3273 1401 3321; x_wconf 90' lang='lat' dir='ltr'><strong>ra·</strong></span> 
     </span>
     <span class='ocr_line' id='line_1_27' title="bbox 283 3361 421 3428; baseline -0.007 0"><span class='ocrx_word' id='word_1_177' title='bbox 283 3361 421 3428; x_wconf 88' lang='lat' dir='ltr'><strong>tionem!</strong></span> 
     </span>
    </p>

    <p class='ocr_par' dir='ltr' id='par_1_8' title="bbox 282 3468 1402 3643">
     <span class='ocr_line' id='line_1_28' title="bbox 372 3468 1402 3551; baseline -0.001 -16"><span class='ocrx_word' id='word_1_178' title='bbox 372 3469 475 3535; x_wconf 81' lang='lat' dir='ltr'><strong>Totos</strong></span> <span class='ocrx_word' id='word_1_179' title='bbox 498 3469 637 3534; x_wconf 90' lang='lat' dir='ltr'><strong>Homeri</strong></span> <span class='ocrx_word' id='word_1_180' title='bbox 659 3487 776 3536; x_wconf 89' lang='lat' dir='ltr'><strong>versus</strong></span> <span class='ocrx_word' id='word_1_181' title='bbox 800 3473 860 3536; x_wconf 93' lang='lat' dir='ltr'><strong>aut</strong></span> <span class='ocrx_word' id='word_1_182' title='bbox 883 3468 1063 3551; x_wconf 89' lang='lat' dir='ltr'><strong>paullulum</strong></span> <span class='ocrx_word' id='word_1_183' title='bbox 1093 3473 1225 3535; x_wconf 90' lang='lat' dir='ltr'><strong>tantum</strong></span> <span class='ocrx_word' id='word_1_184' title='bbox 1252 3469 1402 3535; x_wconf 89' lang='lat' dir='ltr'><strong>detortos</strong></span> 
     </span>
     <span class='ocr_line' id='line_1_29' title="bbox 282 3575 629 3643; baseline -0.009 -1"><span class='ocrx_word' id='word_1_185' title='bbox 282 3575 374 3642; x_wconf 89' lang='lat' dir='ltr'><strong>hisce</strong></span> <span class='ocrx_word' id='word_1_186' title='bbox 395 3575 508 3643; x_wconf 85' lang='lat' dir='ltr'><strong>inveni</strong></span> <span class='ocrx_word' id='word_1_187' title='bbox 531 3575 629 3642; x_wconf 85' lang='lat' dir='ltr'><strong>locis=</strong></span> 
     </span>
    </p>

    <p class='ocr_par' dir='ltr' id='par_1_9' title="bbox 284 3675 1400 3873">
     <span class='ocr_line' id='line_1_30' title="bbox 374 3675 1400 3766; baseline 0.004 -22"><span class='ocrx_word' id='word_1_188' title='bbox 374 3686 484 3766; x_wconf 78' lang='lat'><strong>134,3:</strong></span> <span class='ocrx_word' id='word_1_189' title='bbox 510 3679 607 3746; x_wconf 81' lang='grc' dir='ltr'><em>ἆσσον</em></span> <span class='ocrx_word' id='word_1_190' title='bbox 631 3679 685 3758; x_wconf 74' lang='grc' dir='ltr'><strong>ἔθ’,</strong></span> <span class='ocrx_word' id='word_1_191' title='bbox 711 3675 755 3758; x_wconf 80' lang='grc' dir='ltr'><strong>ὥς</strong></span> <span class='ocrx_word' id='word_1_192' title='bbox 774 3705 828 3745; x_wconf 80' lang='grc' dir='ltr'><strong>κεν</strong></span> <span class='ocrx_word' id='word_1_193' title='bbox 843 3685 964 3745; x_wconf 82' lang='grc' dir='ltr'><strong><em>θᾶσσον</em></strong></span> <span class='ocrx_word' id='word_1_194' title='bbox 988 3681 1146 3763; x_wconf 76' lang='grc' dir='ltr'><strong>ὀλέθρου.</strong></span> <span class='ocrx_word' id='word_1_195' title='bbox 1161 3729 1168 3744; x_wconf 93' lang='grc'>.</span> <span class='ocrx_word' id='word_1_196' title='bbox 1183 3731 1191 3748; x_wconf 92' lang='lat'><strong>.</strong></span> <span class='ocrx_word' id='word_1_197' title='bbox 1206 3731 1213 3746; x_wconf 93' lang='lat'><strong>.</strong></span> <span class='ocrx_word' id='word_1_198' title='bbox 1235 3701 1400 3765; x_wconf 73' lang='grc'>1111111110-</span> 
     </span>
     <span class='ocr_line' id='line_1_31' title="bbox 284 3788 1308 3873; baseline -0.003 -16"><span class='ocrx_word' id='word_1_199' title='bbox 284 3788 407 3873; x_wconf 86' lang='lat' dir='ltr'><strong>siopesi</strong></span> <span class='ocrx_word' id='word_1_200' title='bbox 431 3789 649 3858; x_wconf 91' lang='lat' dir='ltr'><strong>coniunctum.</strong></span> <span class='ocrx_word' id='word_1_201' title='bbox 697 3789 860 3856; x_wconf 86' lang='lat' dir='ltr'><strong>Oonleras</strong></span> <span class='ocrx_word' id='word_1_202' title='bbox 882 3789 970 3855; x_wconf 90' lang='lat' dir='ltr'><strong>idem</strong></span> <span class='ocrx_word' id='word_1_203' title='bbox 992 3789 1027 3855; x_wconf 91' lang='lat' dir='ltr'><strong>in</strong></span> <span class='ocrx_word' id='word_1_204' title='bbox 1050 3789 1159 3856; x_wconf 89' lang='lat' dir='ltr'><strong>Iliade</strong></span> <span class='ocrx_word' id='word_1_205' title='bbox 1182 3790 1210 3854; x_wconf 86' lang='lat' dir='ltr'>Z</span> <span class='ocrx_word' id='word_1_206' title='bbox 1238 3793 1308 3854; x_wconf 84' lang='lat'>143.</span> 
     </span>
    </p>

    <p class='ocr_par' dir='ltr' id='par_1_10' title="bbox 283 3889 1403 4087">
     <span class='ocr_line' id='line_1_32' title="bbox 376 3889 1403 3978; baseline 0.001 -19"><span class='ocrx_word' id='word_1_207' title='bbox 376 3901 514 3978; x_wconf 83' lang='lat'><strong>137‚4.5.</strong></span> <span class='ocrx_word' id='word_1_208' title='bbox 538 3895 671 3973; x_wconf 79' lang='grc' dir='ltr'><strong><em>βούλομ’</em></strong></span> <span class='ocrx_word' id='word_1_209' title='bbox 696 3889 780 3974; x_wconf 72' lang='grc' dir='ltr'><em>ἅπαξ</em></span> <span class='ocrx_word' id='word_1_210' title='bbox 809 3894 889 3977; x_wconf 81' lang='grc' dir='ltr'><strong>πρὸς</strong></span> <span class='ocrx_word' id='word_1_211' title='bbox 916 3903 999 3971; x_wconf 77' lang='grc' dir='ltr'><strong><em>κῦμα</em></strong></span> <span class='ocrx_word' id='word_1_212' title='bbox 1026 3911 1221 3974; x_wconf 58' lang='lat' dir='ltr'><strong>guarin...</strong></span> <span class='ocrx_word' id='word_1_213' title='bbox 1269 3894 1320 3962; x_wconf 81' lang='lat' dir='ltr'><strong>Cf.</strong></span> <span class='ocrx_word' id='word_1_214' title='bbox 1342 3893 1403 3962; x_wconf 87' lang='lat' dir='ltr'><strong>Od.</strong></span> 
     </span>
     <span class='ocr_line' id='line_1_33' title="bbox 283 4000 1403 4087; baseline -0.001 -18"><span class='ocrx_word' id='word_1_215' title='bbox 283 4001 319 4069; x_wconf 85' lang='grc'><strong>11</strong></span> <span class='ocrx_word' id='word_1_216' title='bbox 336 4000 419 4086; x_wconf 80' lang='lat'><strong>350,</strong></span> <span class='ocrx_word' id='word_1_217' title='bbox 443 4020 506 4084; x_wconf 88' lang='lat' dir='ltr'><strong>qno</strong></span> <span class='ocrx_word' id='word_1_218' title='bbox 531 4002 601 4069; x_wconf 90' lang='lat' dir='ltr'><strong>loco</strong></span> <span class='ocrx_word' id='word_1_219' title='bbox 627 4003 667 4070; x_wconf 91' lang='lat' dir='ltr'><strong>de</strong></span> <span class='ocrx_word' id='word_1_220' title='bbox 689 4002 775 4070; x_wconf 87' lang='lat' dir='ltr'><strong>Solis</strong></span> <span class='ocrx_word' id='word_1_221' title='bbox 799 4003 903 4069; x_wconf 92' lang='lat' dir='ltr'><strong>bobus</strong></span> <span class='ocrx_word' id='word_1_222' title='bbox 927 4003 970 4068; x_wconf 91' lang='lat' dir='ltr'><strong>ab</strong></span> <span class='ocrx_word' id='word_1_223' title='bbox 987 4001 1121 4087; x_wconf 89' lang='lat' dir='ltr'><strong>Ulyssis</strong></span> <span class='ocrx_word' id='word_1_224' title='bbox 1145 4001 1243 4069; x_wconf 93' lang='lat' dir='ltr'><strong>sociis</strong></span> <span class='ocrx_word' id='word_1_225' title='bbox 1266 4000 1403 4069; x_wconf 90' lang='lat' dir='ltr'><strong>comesis</strong></span> 
     </span>
    </p>
   </div>
   <div class='ocr_carea' id='block_1_5' title="bbox 284 4163 496 4174">
    <p class='ocr_par' dir='ltr' id='par_1_11' title="bbox 284 4163 496 4174">
     <span class='ocr_line' id='line_1_34' title="bbox 284 4163 496 4174; baseline 0 -2"><span class='ocrx_word' id='word_1_226' title='bbox 284 4163 496 4174; x_wconf 75' lang='lat'><strong>——.</strong></span> 
     </span>
    </p>
   </div>
   <div class='ocr_carea' id='block_1_6' title="bbox 285 4265 1404 4516">
    <p class='ocr_par' dir='ltr' id='par_1_12' title="bbox 285 4265 1404 4516">
     <span class='ocr_line' id='line_1_35' title="bbox 375 4265 1114 4338; baseline 0 -16"><span class='ocrx_word' id='word_1_227' title='bbox 375 4267 396 4337; x_wconf 88' lang='lat'><strong>¹)</strong></span> <span class='ocrx_word' id='word_1_228' title='bbox 414 4266 459 4323; x_wconf 90' lang='lat' dir='ltr'><strong>W.</strong></span> <span class='ocrx_word' id='word_1_229' title='bbox 478 4265 615 4322; x_wconf 82' lang='lat' dir='ltr'><strong>Ribbeck:</strong></span> <span class='ocrx_word' id='word_1_230' title='bbox 634 4282 695 4336; x_wconf 85' lang='lat' dir='ltr'><strong>app.</strong></span> <span class='ocrx_word' id='word_1_231' title='bbox 716 4267 751 4322; x_wconf 85' lang='lat' dir='ltr'><strong>ad</strong></span> <span class='ocrx_word' id='word_1_232' title='bbox 771 4267 812 4324; x_wconf 86' lang='lat' dir='ltr'><strong>ed.</strong></span> <span class='ocrx_word' id='word_1_233' title='bbox 833 4266 974 4338; x_wconf 83' lang='lat' dir='ltr'><strong>Aristoph.</strong></span> <span class='ocrx_word' id='word_1_234' title='bbox 993 4266 1114 4322; x_wconf 78' lang='lat' dir='ltr'><strong>Acharn.</strong></span> 
     </span>
     <span class='ocr_line' id='line_1_36' title="bbox 377 4353 1404 4426; baseline 0 -16"><span class='ocrx_word' id='word_1_235' title='bbox 377 4354 400 4426; x_wconf 88' lang='lat'><strong>¹)</strong></span> <span class='ocrx_word' id='word_1_236' title='bbox 418 4353 537 4412; x_wconf 80' lang='lat' dir='ltr'><strong>&#39;I&#39;eulerz</strong></span> <span class='ocrx_word' id='word_1_237' title='bbox 562 4355 604 4411; x_wconf 89' lang='lat' dir='ltr'><strong>De</strong></span> <span class='ocrx_word' id='word_1_238' title='bbox 622 4357 742 4412; x_wconf 87' lang='lat' dir='ltr'><strong>Homero</strong></span> <span class='ocrx_word' id='word_1_239' title='bbox 761 4356 790 4411; x_wconf 93' lang='lat' dir='ltr'><strong>in</strong></span> <span class='ocrx_word' id='word_1_240' title='bbox 809 4356 1053 4426; x_wconf 79' lang='lat' dir='ltr'><strong>apophthegmatis</strong></span> <span class='ocrx_word' id='word_1_241' title='bbox 1070 4360 1213 4426; x_wconf 83' lang='lat' dir='ltr'><strong>usurpato.</strong></span> <span class='ocrx_word' id='word_1_242' title='bbox 1238 4356 1315 4412; x_wconf 79' lang='lat'>1890.</span> <span class='ocrx_word' id='word_1_243' title='bbox 1333 4370 1360 4424; x_wconf 86' lang='lat' dir='ltr'><strong>p.</strong></span> <span class='ocrx_word' id='word_1_244' title='bbox 1379 4355 1404 4410; x_wconf 87' lang='grc'><strong>3.</strong></span> 
     </span>
     <span class='ocr_line' id='line_1_37' title="bbox 285 4443 1123 4516; baseline 0 -16"><span class='ocrx_word' id='word_1_245' title='bbox 285 4460 344 4513; x_wconf 83' lang='lat' dir='ltr'><strong>sqq.</strong></span> <span class='ocrx_word' id='word_1_246' title='bbox 364 4443 559 4502; x_wconf 83' lang='lat' dir='ltr'><strong>Wachsmuth:</strong></span> <span class='ocrx_word' id='word_1_247' title='bbox 580 4444 613 4500; x_wconf 89' lang='lat' dir='ltr'><strong>de</strong></span> <span class='ocrx_word' id='word_1_248' title='bbox 632 4443 748 4502; x_wconf 82' lang='lat' dir='ltr'><strong>Timone</strong></span> <span class='ocrx_word' id='word_1_249' title='bbox 767 4443 898 4500; x_wconf 83' lang='lat' dir='ltr'><strong>Phliasia.</strong></span> <span class='ocrx_word' id='word_1_250' title='bbox 917 4461 982 4516; x_wconf 86' lang='lat' dir='ltr'><strong>pag.</strong></span> <span class='ocrx_word' id='word_1_251' title='bbox 1002 4447 1123 4514; x_wconf 75' lang='grc'>1111.</span> 
     </span>
    </p>
   </div>
   <div class='ocr_carea' id='block_1_7' title="bbox 0 0 1742 5218">
    <p class='ocr_par' dir='ltr' id='par_1_13' title="bbox 0 0 1742 5218">
     <span class='ocr_line' id='line_1_38' title="bbox 0 0 1742 5218; baseline 0 0"><span class='ocrx_word' id='word_1_252' title='bbox 0 0 1742 5218; x_wconf 95' lang='lat' dir='ltr'><strong> </strong></span> 
     </span>
    </p>
   </div>
  </div>
 </body>
</html>
