3460 5218
792 571 1013 632 „70-

432 745 519 831 Quid
542 745 649 812 facies
672 745 776 822 oculo,
800 743 946 812 Laelia?
977 763 1043 810 non
1067 743 1198 810 emitur.

431 854 506 920 Hoc
523 853 763 937 epigrammate
780 853 877 928 belle,
894 851 972 933 quid
988 850 1125 918 intersit
1140 850 1231 917 iuter
1247 849 1414 919 Graecum
1434 855 1470 918 et

341 961 526 1027 Romanum
549 963 693 1042 poetam,
718 959 924 1040 dispicimus:
952 958 1122 1025 Romanus
1147 958 1250 1024 multo
1266 957 1471 1042 ingeniosior

342 1071 406 1144 est,
429 1065 563 1133 etiamsi
586 1083 655 1131 rem
672 1083 692 1130 a
710 1063 841 1132 Graeco
857 1063 1072 1147 deprompsit.
1109 1062 1176 1131 Sed
1193 1064 1396 1148 apostropha
1409 1065 1470 1132 illa

341 1171 589 1257 interrogativa
609 1177 643 1238 et
660 1171 854 1239 brevissimo
870 1170 1039 1238 enuntiati
1053 1171 1118 1237 fine
1134 1171 1287 1252 efficitur,
1311 1176 1350 1238 ut
1374 1172 1471 1256 qnasi

342 1278 515 1362 loquentes
539 1282 673 1361 poetam
698 1283 733 1345 et
756 1278 906 1345 vetulam
930 1277 1112 1344 audiamus.

437 1383 519 1452 Alia
543 1390 597 1453 est
619 1385 707 1451 ratio
735 1384 827 1451 hisce
854 1382 1119 1468 epigrammatis.
1151 1384 1274 1451 Lucilii
1296 1385 1364 1452 XI.
1390 1388 1468 1448 249:

494 1488 607 1571 ’Δγρὸν
631 1492 825 1571 Μηνοφάνης
847 1487 1081 1569 ώνὴσατο,καὶ
1103 1489 1155 1554 διὰ
1179 1490 1271 1566 λιμὸν

547 1601 581 1662 ἐκ
605 1599 701 1680 δρυὸς
724 1597 890 1678 ἀλλοτρίας
913 1595 1012 1662 αὑτὸν
1036 1597 1254 1678 ἀπηγχόνισεν,

499 1713 562 1786 Γῆν
586 1707 614 1769 δ’
639 1703 725 1789 αὐτῷ
749 1709 896 1768 τεθνεῶτι
919 1711 1028 1782 βαλεῖν
1050 1703 1109 1768 οὐκ
1132 1705 1227 1785 ἔσχον
1250 1702 1386 1784 ἄνωθεν,

549 1810 616 1876 ἀλλ’
642 1811 738 1892 ἐτάφη
760 1815 878 1888 μισθοῦ
901 1813 982 1891 πρὸς
1005 1836 1073 1875 τινα
1096 1816 1164 1876 τῶν
1187 1810 1326 1894 ὁμόρων.

497 1923 538 1982 Εἰ
560 1919 671 1999 δ’ἒγνω
695 1918 751 1982 τὸν
776 1916 876 1998 ἀγρὸν
899 1918 957 1982 τὸν
980 1919 1196 1999 Μηνοφὰνους
1218 1917 1412 2002 Ἐπίκουρος,

547 2027 651 2088 πάντα
674 2040 779 2103 γεμεῖν
802 2023 911 2105 ἀγρῶν
934 2026 1018 2089 εἶπεν
1041 2025 1101 2100 ἂν,
1115 2023 1174 2089 oo‘x
1198 2025 1327 2104 ἀτόμων

344 2135 379 2198 ct
402 2131 571 2199 Martialis
594 2134 662 2199 ΧΙ.
690 2139 744 2196 18:

555 2239 712 2316 Donasti,
736 2240 840 2323 Lupe,
865 2259 922 2306 rus
946 2242 1006 2306 sub
1030 2242 1111 2306 urbe
1134 2241 1242 2318 nobis;

557 2346 624 2415 Sed
646 2365 703 2413 rus
727 2352 781 2414 est
804 2347 884 2413 mihi
907 2348 1013 2412 maius
1041 2347 1076 2413 in
1099 2347 1260 2415 fanestra.

556 2455 629 2520 Rus
652 2455 715 2520 hoc
738 2453 857 2528 dicere,
883 2473 939 2521 rus
962 2461 1059 2537 potes
1081 2454 1226 2522 vocare?

556 2562 598 2627 In
621 2579 683 2643 quo
707 2564 785 2625 ruta
808 2559 893 2627 facit
916 2580 1030 2628 nemus
1053 2561 1196 2644 Dianae,

556 2668 713 2750 Argutae
736 2667 825 2751 tegit
848 2669 904 2734 ala
928 2667 1015 2749 quod
1039 2668 1185 2746 cicadae,

557 2772 652 2858 Quod
675 2773 814 2840 formica
838 2774 891 2840 die
916 2775 1057 2840 comedit
1080 2794 1154 2852 uuo,

558 2879 681 2946 Clusae
706 2880 758 2947 cui
781 2880 893 2946 folium
917 2900 1014 2948 rosae
1039 2901 1160 2948 corona
1184 2887 1251 2958 est;

557 2989 600 3054 In
624 3006 686 3068 quo
710 3007 776 3053 non
800 2987 907 3070 magis
931 2988 1100 3056 invenitur
1123 2989 1236 3070 herba,

558 3093 664 3179 Quam
689 3094 800 3161 Cosmi
823 3095 936 3161 folium
959 3096 1096 3178 piperve
1121 3097 1270 3172 crudum3

555 3202 598 3267 In
622 3220 684 3282 quo
708 3220 769 3267 nec
794 3202 937 3268 cucumis
961 3203 1071 3268 iacere
1094 3208 1217 3286 rectus,

556 3309 630 3374 Nec
653 3325 790 3389 serpens
813 3308 969 3374 habitare
998 3316 1073 3376 tota
1096 3309 1214 3392 possit.

558 3416 703 3481 Urucam
728 3415 815 3480 male
837 3415 946 3497 poscit
969 3417 1086 3482 hortus
1109 3436 1217 3495 uuam,

559 3520 761 3604 Consumpto
785 3522 925 3587 moritur
948 3523 1037 3588 calix
1060 3523 1191 3606 salioru,

556 3629 604 3694 nt
628 3628 723 3710 talpa
748 3634 801 3694 est
824 3629 903 3695 milri
927 3628 1035 3696 fossor
1056 3635 1157 3710 atque
1179 3634 1303 3695 arator.

555 3736 633 3802 Non
656 3736 787 3801 boletus
811 3735 916 3818 hiare,
940 3753 1006 3801 non
1029 3735 1194 3801 mariscae

557 3842 683 3909 Ridere
707 3847 767 3908 aut
790 3842 899 3910 violae
922 3849 1041 3928 patere
1064 3848 1214 3925 possunt.

556 3946 661 4026 Fines
683 3967 755 4014 mus
778 3949 957 4032 populatur
980 3955 1014 4016 et
1039 3950 1153 4015 colono

557 4053 731 4135 Tanquam
755 4073 811 4122 sus
836 4056 1037 4139 Calydonius
1061 4055 1208 4135 timetur,

555 4163 603 4227 Et
628 4162 763 4228 sublata
786 4163 934 4230 volantis
956 4182 1066 4246 ungue
1089 4164 1240 4246 Prognes

555 4268 599 4333 In
621 4267 697 4334 nido
722 4287 819 4352 seges
843 4274 896 4335 est
920 4269 1143 4347 hirundiniu03

557 4376 605 4440 Et
629 4392 702 4440 cum
725 4379 796 4441 stet
819 4375 891 4440 siue
914 4375 1002 4442 falce
1025 4376 1248 4460 mentulaque,

556 4479 634 4545 Non
657 4486 710 4548 est
734 4481 866 4547 dimidio
894 4482 985 4548 locus
1009 4482 1143 4564 Priapo.
