3460 5218
769 513 986 570 ..16-

319 703 434 752 carere
463 684 550 751 omni
573 685 744 769 elegantia
753 685 788 771 ¹),
817 685 854 752 id
876 684 961 767 quod
984 685 1088 751 etiam
1112 685 1153 752 de
1176 685 1316 753 Luciani
1338 685 1440 754 versi·

317 794 380 860 bus
395 792 528 859 minime
543 792 730 860 subditiciis
746 793 781 858 in
794 792 1101 878 Trogodopodagrc
1116 798 1152 860 ct
1165 792 1320 878 Ocypode
1336 793 1440 861 valet.

321 897 497 986 (Conferas
520 899 670 982 inprimis
694 899 938 984 epigrammata
960 902 1009 966 X.
1035 906 1086 964 28.
1112 906 1147 966 ot
1171 899 1238 984 29.)

408 1006 530 1088 ltaque
561 1026 633 1074 cum
664 1009 839 1074 verborum
872 1013 907 1074 et
939 1007 1186 1074 enuntiatorum
1217 1025 1297 1074 usus
1328 1026 1349 1072 a
1376 1007 1442 1073 Lu·

320 1112 435 1179 cianeo
458 1113 591 1182 minime
616 1114 806 1188 abhorreat,
832 1114 929 1180 immo
952 1133 1081 1198 semper
1097 1115 1128 1182 ei
1147 1115 1358 1198 respondeat,
1382 1119 1443 1181 aut

319 1219 502 1288 lucianum
525 1221 632 1304 ipsum
655 1227 714 1290 aut
738 1222 840 1288 alium
875 1211 1037 1304 quendam
1069 1223 1267 1306 sophistam,
1300 1223 1356 1304 qui
1378 1224 1442 1289 Lu·

320 1327 450 1394 cinnum
481 1333 554 1395 toto
585 1329 681 1410 quasi
712 1347 847 1411 corpore
879 1338 1035 1405 noverat,
1072 1330 1190 1396 decimi
1223 1329 1344 1412 capitis
1376 1330 1443 1412 epi·

320 1441 508 1519 grammata
531 1436 591 1502 illa
615 1435 788 1518 scripsisse
813 1443 1074 1504 consentaneum
1089 1443 1153 1502 est.
1201 1437 1266 1505 Sed
1283 1456 1356 1503 cum
1371 1438 1443 1503 rhe-

320 1542 445 1609 toricas
480 1544 662 1610 habeamus
697 1543 973 1622 exercitationes,
1009 1544 1083 1626 ipse
1124 1544 1292 1609 Lucienus
1327 1551 1444 1609 auctor

321 1648 596 1732 epigrammatum
620 1669 693 1716 esse
717 1657 846 1733 potest,
872 1650 907 1716 id
931 1655 1064 1717 tautum
1087 1651 1158 1717 iure
1174 1651 1316 1732 quodam
1340 1650 1443 1733 suspi-

324 1755 470 1821 cabimur
494 1755 739 1823 adolescentem
761 1758 823 1824 has
846 1764 1015 1838 παροιμίας
1038 1758 1283 1841 conscripsisse.

412 1864 486 1928 Iam
502 1880 575 1928 cum
591 1882 783 1946 persuasum
799 1866 951 1946 habeam,
968 1865 1212 1949 epigrammata
1228 1866 1276 1931 X.
1295 1869 1445 1928 uit—29.

326 1976 378 2035 31.
403 1974 554 2034 35.-37.
580 1978 633 2039 41.
663 1977 713 2035 42.
750 1978 821 2036 122.
855 1973 1001 2055 genuina
1029 1973 1170 2039 Luciani
1200 1969 1446 2040 Samosatensis

325 2095 409 2154 esse,
433 2077 607 2144 terminum
632 2079 836 2146 constituere
853 2099 1026 2162 possumus
1049 2081 1119 2147 eius
1135 2079 1249 2156 fontis,
1275 2097 1370 2161 quem
1388 2077 1446 2143 Oe·

325 2185 444 2267 phalas
464 2185 499 2251 in
522 2187 708 2253 consuendo
724 2189 786 2253 hoc
809 2187 921 2269 capite
939 2189 1117 2271 excerpsit.
1164 2188 1308 2253 Praesto
1325 2187 1356 2252 ei
1372 2189 1447 2251 eret

326 2291 479 2359 collectio
503 2302 680 2374 παροιμιῶν
703 2293 850 2360 Lucieno
872 2295 1053 2372 recentior,
1087 2314 1171 2376 quae
1195 2295 1297 2362 etiam
1322 2298 1448 2360 cetero·

326 2417 397 2464 rum
420 2399 550 2464 illorum
565 2406 737 2482 poetarum
754 2401 998 2484 epigrammata
1015 2403 1220 2479 continebat,
1245 2398 1447 2483 Phocylidis,

327 2504 497 2588 Glyconis,
521 2504 693 2591 Aeschyli,
718 2508 900 2592 Euripidis,
925 2511 1134 2591 reliquorum.

416 2616 490 2681 Iam
514 2633 555 2681 ec
577 2616 830 2700 epigrammata,
866 2636 1000 2699 quorum
1020 2618 1180 2683 lemmata
1201 2618 1272 2682 sola
1296 2634 1362 2681 una
1378 2613 1449 2680 An·

327 2721 478 2805 thologia
501 2722 643 2789 Lucillio
667 2725 872 2799 tribuuntur,
898 2726 1129 2791 examinemus.
1176 2715 1286 2790 Primo
1313 2721 1386 2787 loco
1410 2720 1450 2785 de

329 2829 386 2911 eis,
412 2849 496 2910 quae
520 2835 558 2896 ut
579 2828 735 2896 ἀδέσποτα
759 2833 871 2899 altera
887 2832 964 2912 fert,
990 2833 1101 2899 altera
1117 2830 1259 2898 Lucillio
1280 2828 1449 2911 adsignat,

329 2936 431 3004 facile
448 2937 603 3004 iudicium
619 2939 706 3005 serre
722 2940 810 3006 licet.
840 2940 999 3008 Videmus
1016 2941 1102 3006 enim
1118 2939 1181 3020 hic,
1205 2937 1262 3003 ubi
1277 2935 1451 3002 Planudea

330 3040 448 3124 donico
471 3046 592 3112 lemma
615 3048 718 3114 habet
742 3053 801 3112 aut
825 3048 981 3114 lemmate
1011 3051 1119 3124 caret,
1153 3064 1282 3126 semper
1311 3043 1383 3108 iure
1412 3059 1451 3106 ac

329 3151 447 3218 merito
470 3153 652 3221 Palatinae
675 3155 845 3220 librarium
879 3154 929 3238 (et
952 3154 1070 3220 littera
1093 3154 1155 3235 B²)
1187 3151 1317 3234 quidem
1349 3148 1450 3233 signi·

329 3258 475 3339 dicatum)
507 3260 646 3327 Lucillio
680 3281 797 3344 poema
833 3261 1032 3328 vindicasse.
1080 3260 1166 3327 Sunt
1201 3263 1314 3324 autem
1347 3258 1451 3322 haece

330 3367 502 3434 lemmata:
1055 3351 1058 3356 ’

420 3476 594 3542 Planudea
618 3482 712 3543 caret
735 3477 891 3543 lemmate
916 3477 963 3561 (id
980 3475 1066 3557 quod
1083 3474 1183 3541 facila
1201 3492 1238 3539 eo
1255 3470 1451 3554 explicatur,

332 3585 416 3664 quod
440 3604 513 3651 cnm
536 3586 758 3666 praecedente
782 3585 988 3668 epigramma
1008 3582 1147 3649 iunctim
1163 3579 1325 3647 traditum
1348 3579 1451 3660 crath

420 3693 488 3758 XI.
514 3699 565 3756 80.
592 3700 642 3760 81.
668 3699 719 3758 89.
747 3695 819 3756 101.
846 3698 919 3758 265.

423 3787 541 3882 colion
564 3801 804 3885 praescriptum
830 3805 883 3866 est
905 3799 1012 3865 hisce:

422 3911 489 3976 XI.
525 3914 596 3973 132.
632 3915 702 3973 137.
737 3914 809 3973 139.
843 3911 917 3974 217.
952 3908 1055 3986 2483)
1088 3909 1161 3967 309.
1196 3907 1268 3969 313.
1302 3904 1375 3964 314.
1408 3897 1455 3979 (in

334 4018 492 4084 Palatino
516 4017 715 4101 coniuncta).
764 4021 837 4080 388.

426 4269 446 4331 ¹)
466 4266 584 4336 exempli
602 4266 696 4335 gratia
713 4265 747 4320 X.
767 4265 809 4332 28,
830 4265 853 4318 1.

426 4358 448 4428 ²)
467 4357 519 4412 Die
538 4357 675 4427 Grebged.
695 4357 719 4410 d.
739 4354 843 4426 griech.
863 4352 974 4408 Anthol.
996 4351 1072 4407 1889.
1110 4349 1226 4419 append.

427 4449 447 4517 ³)
465 4453 576 4503 tentum
594 4448 622 4502 in
641 4443 825 4503 veterioribus
844 4443 1002 4498 Plenudaao
1022 4438 1196 4496 editionibus.
