3460 5218
745 538 944 594 ..5-

285 709 365 777 illae
389 710 662 794 epigrammatum
680 707 903 784 collectiones,
926 726 1034 775 nonne
1049 707 1230 775 verisimile
1251 713 1304 774 est
1321 707 1405 773 alios

286 835 412 898 quoque
435 817 668 900 compilatores
692 816 739 882 eis
763 834 839 882 usos
863 816 958 881 esse?

334 913 338 920 ’
379 925 461 990 Tum
492 942 534 989 ne
564 923 775 990 manifestum
808 921 935 1004 quidem
964 928 1031 1000 est,
1063 921 1319 989 Constantinum
1345 921 1406 988 Oe·

285 1030 420 1114 phalam
446 1030 552 1113 ipsum
581 1029 783 1114 Diogeniani
806 1028 1033 1111 anthologiam
1057 1029 1275 1112 excerpsisse
1307 1029 1405 1095 immo

286 1137 499 1204 verisimilius
514 1137 594 1203 mihi
609 1137 752 1218 videtur,
776 1137 869 1203 illum
885 1154 1011 1218 quoque
1037 1135 1253 1218 exscripsisse
1268 1135 1404 1219 fontem,

287 1243 342 1325 qni
373 1249 434 1310 aut
463 1243 708 1328 Diogenianum
745 1243 850 1326 ipsum
890 1249 949 1310 aut
980 1261 1093 1309 rursus
1126 1243 1195 1309 eius
1227 1242 1406 1325 epitomam

286 1354 423 1434 praesto
451 1351 579 1418 habuit.
622 1351 711 1417 Nam
744 1352 772 1418 si
796 1350 963 1433 Cephalas
991 1352 1063 1432 ipse
1086 1349 1328 1435 Diogenianum
1356 1350 1405 1415 in·

287 1457 462 1542 spexisset,
487 1457 580 1534 talis,
605 1458 733 1539 qualem
755 1477 842 1524 nune
858 1453 1018 1534 tenemus
1042 1457 1264 1541 Diogenianei
1289 1458 1405 1524 autho·

286 1565 367 1648 logii
387 1566 596 1647 perturbatio
612 1564 746 1647 pristini
763 1564 888 1630 ordinis
904 1564 969 1630 iam
989 1582 1055 1630 non
1076 1570 1237 1631 exstaret.
1284 1564 1406 1646 Itaque

287 1671 422 1738 Lucillii
447 1678 482 1738 et
505 1671 667 1738 Nioarohi
690 1672 893 1754 aliorumque
923 1669 1093 1754 poematia
1122 1670 1311 1753 primarium
1336 1669 1406 1751 qui·

287 1779 360 1844 dem
383 1779 600 1862 Diogeniani,
636 1780 773 1845 tertium
798 1785 911 1845 autem
935 1778 989 1846 vel
1013 1785 1165 1859 quartum
1190 1776 1406 1845 Constantini

287 1885 412 1952 fontem
436 1885 540 1952 fuisse
563 1904 757 1970 persuasum
779 1887 895 1952 habeo.

375 1994 449 2059 Iam
474 1993 515 2060 de
538 1994 679 2078 singulis
702 1993 810 2077 poetis
835 1993 998 2076 agendum
1022 1997 1083 2057 est.

375 2099 409 2167 A
432 2099 624 2176 Luoillio‚
649 2101 705 2181 qui
728 2139 770 2147 -
793 2119 857 2165 non
881 2099 953 2165 dieo
978 2098 1129 2180 optimus,
1154 2116 1294 2164 namne
1320 2118 1405 2166 unus

287 2206 416 2288 quidem
440 2208 554 2274 horum
569 2215 742 2290 poetarum
765 2208 870 2272 bonus
894 2212 947 2272 est
964 2243 1006 2253 -
1023 2205 1082 2272 sed
1104 2210 1259 2287 praestat
1283 2206 1405 2272 saltem

287 2313 419 2388 ceteris,
445 2314 612 2380 exordium
636 2314 807 2381 faciamus.

374 2420 510 2487 Lnoillii
535 2426 683 2487 aetatem
706 2420 877 2501 vitamque
900 2425 937 2486 ut
961 2437 1161 2492 enarremus,
1191 2417 1315 2484 fontem
1339 2419 1404 2502 pri·

286 2527 424 2594 marium
450 2528 726 2611 epigrammatum
747 2527 1007 2594 eiusnumerum
1028 2526 1113 2592 satis
1134 2544 1288 2608 magnum
1304 2527 1404 2593 adea·

286 2652 371 2710 mus;
409 2634 467 2700 sed
492 2653 565 2700 oum
589 2634 782 2717 saepissime
806 2653 871 2699 nna
895 2639 955 2698 aut
979 2633 1089 2698 altera
1111 2631 1319 2714 Anthologia
1342 2636 1405 2702 hoo

285 2740 340 2806 vel
369 2739 452 2807 illud
484 2759 615 2807 earmen
648 2740 779 2808 diverso
812 2741 968 2806 lemmate
999 2745 1148 2816 ornetur,
1184 2743 1288 2806 antea
1319 2759 1404 2822 quae

289 2848 532 2930 epigrammata
555 2849 626 2914 iura
643 2847 782 2914 Luoillio
807 2847 983 2914 tribuenda
1007 2845 1084 2922 sint,
1110 2865 1315 2927 quaeramus.
1349 2848 1404 2917 Ao

286 2955 544 3037 primoquidem
574 2955 646 3020 loeo
670 2955 780 3021 sintne
810 2953 910 3020 dubia
937 2953 1026 3019 inter
1053 2971 1094 3018 ea
1121 2959 1286 3035 poemata.
1319 2974 1404 3036 quae

285 3062 457 3144 utriusque
481 3061 710 3146 Anthologiae
743 3080 904 3128 consensu
933 3078 974 3126 ao
1000 3059 1068 3126 fide
1096 3059 1237 3126 Lucillio
1269 3061 1403 3139 dantur,

286 3169 506 3251 dispiciamus.

374 3281 565 3340 Λουκιλλίου
584 3276 639 3343 vel
654 3275 863 3354 Aooxtttoo¹l
887 3276 1008 3341 lemma
1030 3274 1066 3340 in
1089 3274 1250 3340 Palatina
1273 3283 1308 3341 et
1324 3276 1403 3344 Pla·

284 3382 393 3449 nudea
415 3382 632 3466 Anthologiis
654 3383 745 3449 hisoe
769 3383 969 3449 carminibus
991 3381 1219 3464 praeponitur:

333 3490 394 3558 VI.
422 3495 494 3553 166.
723 3491 790 3556 ΧΙ.
817 3496 868 3554 88.
1133 3488 1199 3553 XI.
1229 3491 1299 3554 140.

331 3597 397 3664 IX.
423 3602 498 3662 572.
816 3602 968 3660 90.-94.
1229 3601 1302 3658 141.

332 3704 398 3769 ΧΙ.
425 3710 476 3766 11.
643 3769 645 3776 ,
816 3707 868 3767 99.
1229 3705 1301 3768 143.

426 3815 478 3876 68.
811 3815 883 3875 100.
1229 3813 1301 3870 148.

424 3920 477 3981 69.
810 3917 1001 3982 103.-107.
1228 3919 1301 3978 153.

427 4027 577 4090 75-79.
810 4027 881 4088 131.
1227 4025 1300 4084 154.

426 4135 578 4196 83.-85.
809 4133 1001 4192 lea-136.
1226 4131 1299 4192 159.

425 4243 478 4302 87.
810 4238 880 4299 138.
1227 4237 1300 4297 161.

282 4381 495 4390 ——n

373 4465 394 4538 ¹)
414 4464 448 4521 tle
466 4464 589 4521 librariis
607 4469 637 4521 et
654 4461 773 4520 nominis
792 4460 881 4516 forme
898 4460 962 4518 ride
979 4475 1044 4532 pag.
1067 4461 1109 4518 19.
