3460 5218
807 485 1027 544 ...50-

356 657 431 719 372.
457 657 530 721 336.
556 659 633 719 391.
657 653 705 742 (13
729 653 922 724 Germanioi
946 656 1104 725 Caesaris
1131 657 1284 744 mortem)
1313 661 1380 728 IX.
1405 666 1479 727 236.

356 767 431 826 279.
456 765 531 825 289.
555 759 604 827 X.
639 765 711 825 102.
759 761 888 844 Mirum,
904 764 999 845 ‘quod
1030 764 1092 830 hoc
1115 765 1319 849 epigramma
1350 769 1480 836 nomine

354 874 539 949 Σμυρναίου
571 872 723 934 ornatum
761 876 832 946 331,
863 876 902 936 31
933 869 1034 937 facila
1064 872 1241 938 concludas
1273 873 1375 941 alium
1406 894 1480 942 3333

354 975 508 1054 Bassum,
532 973 711 1058 praecipuo
733 993 806 1041 cum
829 975 918 1042 inter
933 976 1057 1044 Lucilii
1077 984 1113 1044 31
1128 976 1289 1046 Nicarobi
1311 983 1481 1063 poematia

353 1081 461 1148 locum
483 1082 609 1149 habeat
629 1081 832 1166 epigramma
843 1081 878 1162 ¹).
919 1081 1015 1167 Quod
1031 1083 1131 1152 certis
1148 1087 1355 1171 argumentis
1371 1088 1480 1156 evinci

353 1189 479 1271 nequit,
496 1193 532 1254 31
552 1188 625 1270 quis
641 1188 707 1256 scit
722 1189 866 1254 Lollium
881 1190 1025 1256 Bassum
1041 1210 1107 1258 non
1122 1191 1338 1276 Smyrnaeum
1354 1193 1478 1264 fuisse?
1609 1230 1611 1236 ·
1632 1208 1643 1254 ’.

353 1295 517 1378 Equidem
546 1295 720 1379 Philippeo
747 1300 868 1378 poetae
897 1296 1101 1380 epigramma
1136 1299 1272 1366 reddam
1299 1303 1478 1384 3333313-

355 1403 504 1470 auditum
528 1407 581 1468 331
605 1402 711 1468 locum
733 1401 789 1468 hic
812 1403 946 1476 habere,
979 1422 1052 1470 cnm
1082 1423 1185 1487 usqne
1208 1407 1252 1472 ad
1275 1407 1479 1491 epigramma

356 1514 407 1572 67.
440 1509 574 1592 longam
606 1527 648 1574 ex
676 1509 985 1576 Thessalonicensis
1022 1510 1167 1595 στεφάνῳ
1204 1513 1478 1597 epigrammatum

354 1616 473 1682 seriem
496 1620 688 1699 excerptam
716 1615 896 1683 videamus·
943 1619 985 1683 In
1008 1618 1158 1685 Palatini
1182 1619 1276 1687 fonte
1297 1620 1387 1689 haud
1409 1624 1478 1689 scio

266 1731 269 1738 '
354 1742 398 1789 an
421 1722 625 1804 adscriptum
649 1721 751 1789 luerit
775 1723 851 1789 hnic
874 1724 995 1803 ordini3
1016 1724 1172 1791 librarius
1188 1726 1340 1795 Palatini
1356 1729 1478 1797 codicis

354 1829 476 1896 oblitus
497 1835 585 1897 'erat
621 1849 761 1896 exarare
793 1837 841 1913 et,
879 1850 951 1897 cum
986 1833 1136 1899 mendum
1172 1834 1476 1918 aniuradvertisset,

354 1936 498 2017 addidit,
533 1937 590 2002 nbi
623 1937 761 2019 primum
798 1938 944 2004 calamus
980 1939 1189 2006 substiterat.
1227 1977 1269 1986 —-
1304 1940 1478 2008 Planudea

351 2043 519 2109 Nicaroho
546 2043 707 2110 tribuitur
734 2049 871 2127 propter
902 2044 1022 2111 similia
1046 2044 1242 2112 Nicarcheis
1273 2050 1324 2111 71.
1357 2053 1392 2114 31
1424 2054 1476 2113 73.

353 2150 627 2234 epigrammatum
651 2155 859 2234 argumenta.
885 2188 925 2196 ·-

441 2259 508 2323 XI.
536 2260 609 2321 123.
634 2261 669 2323 31
692 2263 767 2322 414.
784 2258 865 2324 miro
882 2258 1038 2324 librorum
1055 2277 1217 2326 consensu
1233 2264 1271 2327 ut
1287 2261 1475 2347 Hedylil)

352 2363 513 2446 feruntur,
532 2365 624 2431 ouius
640 2383 715 2432 3333
730 2364 863 2432 minime
878 2371 1027 2447 possunt,
1046 2384 1118 2431 cum
1133 2368 1343 2450 Meleagreos
1359 2374 1476 2450 poetas

353 2471 463 2553 capite
487 2471 657 2538 undecimo
681 2472 770 2538 iuter
786 2472 1034 2555 Diogenianeos
1057 2491 1122 2539 non
1145 2473 1361 2541 inveniamus.
1402 2475 1478 2545 Viri

353 2576 451 2653 docti,
484 2597 670 2659 quanquam
703 2579 758 2644 diu
782 2579 823 2645 de
851 2579 988 2645 medelis
1017 2580 1258 2663 cogitaverunt,
1287 2586 1401 2648 tamon
1428 2583 1476 2648 nl·

352 2684 396 2749 hil
426 2685 597 2766 probabile
633 2685 841 2752 invenerunt.
893 2686 1054 2767 Equidem
1089 2687 1189 2753 aliam
1221 2689 1383 2754 medelam
1412 2709 1477 2756 non

351 2791 483 2875 repperi
506 2791 582 2885 ,3131
605 2798 745 2874 utroque
776 2794 848 2859 loco
882 2793 1185 2860 commutationem:
1217 2793 1413 2860 ‘HAP'AOP
1442 2798 1477 2863 in

353 2889 528 2974 'TA'PTOK
561 2898 647 2979 quod
673 2899 830 2965 librarius
863 2900 894 2965 B
923 2919 1023 2982 saepe
1052 2900 1101 2966 sic
1131 2902 1294 2969 exaravit.
1342 2901 1476 2984 Optime

352 3007 438 3073 euim
462 3006 618 3072 convenit
642 3006 809 3072 scribendi
824 3025 929 3090 genus
946 3007 994 3072 eis
1011 3006 1272 3090 epigrammatis,
1291 3027 1375 3089 qnae
1388 3014 1477 3075 utro-

352 3133 415 3195 que
439 3114 510 3178 loco
536 3113 747 3196 antecedunt.

441 3219 686 3302 Epigrammati
723 3222 792 3286 IX.
834 3226 907 3283 103.
951 3238 1069 3286 nomen
1113 3220 1375 3302 suprascriptum
1422 3225 1475 3287 331

351 3331 553 3391 MOYNAOP
564 3333 705 3388 MOVNA
712 3333 819 3391 71οΚ
859 3327 901 3392 13
917 3345 979 3408 quo
995 3327 1208 3408 praenomine
1225 3327 1341 3395 vitium
1365 3329 1475 3392 133333

351 3433 560 3500 existimavit
592 3433 830 3516 Brunckiusss),
868 3434 944 3514 quia
978 3450 1072 3498 nemo
1105 3434 1383 3502 Munatiorum
1413 3434 1476 3499 hoo

350 3560 467 3608 nomeu
504 3541 696 3608 adsciverit.
754 3540 916 3622 Equidem
950 3539 1103 3604 Moindov
1137 3540 1247 3623 potius
1282 3560 1340 3622 pro
1377 3540 1475 3605 ditto-

352 3648 493 3732 graphia
517 3647 609 3713 vocis
633 3653 817 3711 Moovorlov
842 3648 993 3713 habeam.
1040 3649 1082 3712 In
1105 3646 1278 3713 Planudea
1301 3646 1385 3712 idem
1410 3633 1497 3729 epi?

351 3774 501 3840 gramma
526 3754 675 3821 Antonio
707 3755 852 3838 Argivo,
886 3755 977 3820 ouius
1009 3755 1213 3837 epigramma
1242 3755 1275 3818 iu
1306 3754 1474 3823 Vaticano

352 3863 463 3928 codice
496 3863 679 3945 praecedit,
714 3863 827 3940 datur3
865 3861 943 3927 hinc
977 3861 1082 3944 igitur
1111 3861 1272 3928 Planudis
1301 3878 1403 3927 error.
1433 3897 1471 3908 -

350 3969 523 4034 Munatius
546 3977 645 4035 notus
670 3973 723 4034 est
747 3968 949 4050 Trallianus,
966 3967 1113 4034 Herodis
1136 3967 1250 4034 Attici
1266 3971 1473 4050 praeceptor.

352 4075 435 4140 conl.
451 4058 618 4141 'Philostr
640 4077 709 4145 Vit.
732 4075 829 4158 Soph.
850 4076 880 4140 I.
907 4080 958 4139 25.
982 4080 1017 4141 31
1047 4077 1086 4141 Π
1114 4081 1160 4141 14.

441 4234 463 4304 1)
483 4233 517 4289 ci.
538 4233 688 4301 helchiam,
707 4232 794 4303 praei.
814 4250 840 4302 p.
860 4232 908 4288 VI,

441 4321 463 4391 ⁹)
483 4322 626 4378 Susamihl.
645 4322 663 4377 l.
685 4323 703 4377 l.
723 4320 759 4378 lI.
779 4321 840 4376 533.
860 4321 922 4376 adn.
943 4324 984 4378 74.

441 4410 464 4481 ³)
483 4411 629 4467 Lectiones
647 4427 712 4481 pag.
733 4411 792 4466 183.
