3460 5218
803 513 1024 570 ..52-

278 665 280 672 ¹
354 698 423 759 ταῖς
446 679 627 746 ἆλλσιώσεσι
649 688 700 746 καὶ
723 681 930 760 Ἀπολλώνιος
953 681 1106 760 ὃῬὸδιος
1125 685 1160 748 ἐν
1174 685 1407 766 ἐπιγράμμασιν,
1432 683 1477 762 ὥς

354 810 428 870 φησι
443 789 610 868 Πάμφιλος
632 789 666 853 ἐν
682 789 711 866 ἁ,
736 790 870 857 etiamsi
885 791 1053 874 Pamphili
1077 792 1473 877 anctoritatenitatur1)‚

353 901 532 981 propterea
543 895 626 962 fides
636 897 765 963 omnino
777 916 842 964 non
850 897 1005 964 habenda
1016 903 1078 980 est,
1089 900 1176 980 quod
1187 902 1474 982 nequavarborum

353 1012 450 1070 tenor
465 1007 582 1096 ἱστορεῖ
597 1005 632 1067 ἐν
647 1002 875 1085 ἐπιγράμμασιν
886 1004 990 1070 talem
1002 1003 1325 1087 interpretationem,
1343 1007 1474 1088 qualem

353 1111 1473 1197 HeckerusetKnaackiusprotulerunt—scilicetadlusisseApol·

352 1218 476 1284 lonium
487 1218 662 1296 Rhodium,
681 1237 753 1284 omn
766 1219 864 1284 Batti
877 1217 1024 1284 fabulam
1041 1227 1226 1301 enarraret,
1245 1221 1289 1287 ad
1299 1219 1475 1300 Βαπιίισῃν

355 1324 596 1392 Callimachum
619 1325 774 1407 illumque
801 1325 1023 1408 composuisse
1045 1345 1117 1393 cnm
1133 1331 1268 1394 vetusto
1287 1328 1394 1394 altero
1415 1347 1473 1410 pa·

356 1438 447 1498 store
464 1433 577 1498 eodem
592 1436 808 1516 cognomento
821 1432 1043 1500 notissimo-
1059 1433 1219 1508 admittit,
1233 1453 1339 1516 neque
1352 1435 1474 1501 scimus

328 1581 331 1592 .
356 1545 466 1606 utrum
478 1541 512 1602 ἐν
523 1538 748 1620 ἐπιγράμμασιν
764 1558 808 1604 an
823 1539 934 1620 potius
955 1539 988 1602 ἐν
1008 1539 1109 1604 ἔπεσιν
1120 1539 1317 1623 Apollonius
1333 1542 1473 1609 Battum

355 1646 675 1724 commemoraverim
708 1664 763 1727 en,
795 1646 900 1712 hahes
931 1646 1082 1712 eandem·
1106 1647 1343 1730 confusionem,
1376 1668 1473 1730 quam

354 1843 454 1906 supra
472 1824 665 1902 statuimus,
682 1821 935 1906 ριοἜΠΕΣΙΝ
944 1823 1028 1906 legit
1046 1825 1155 1890 scriba
1171 1773 1337 1908 ἘΠγΙρΣΙΜ
1359 1827 1474 1908 itaque

340 1932 469 1997 mirum
492 1923 575 1997 illud
597 1934 732 2011 ἱστορεῖν
755 1932 789 1993 ἐν
812 1931 1038 2010 ἐπιγράμμασιν
1061 1932 1274 2015 intelligitur.

442 2059 578 2138 ltaque:
604 2076 676 2122 cum
699 2057 806 2122 locum
829 2057 954 2122 habeat
979 2057 1183 2139 epigramma
1207 2076 1272 2123 uon
1296 2059 1384 2124 inter
1404 2060 1473 2124 Me-

354 2164 510 2246 leagreos
533 2169 653 2246 poetas
677 2183 818 2228 -uam
842 2164 938 2230 huius
962 2183 1003 2229 ex
1026 2183 1147 2230 corona
1167 2165 1336 2248 Apollonii
1352 2166 1475 2232 Rhodii

355 2271 599 2354 epigrammata
623 2269 773 2337 delibata
797 2278 911 2336 essent
937 2310 987 2352 -,
1011 2271 1109 2337 immo
1132 2271 1222 2337 inter
1244 2273 1341 2355 primi
1363 2278 1399 2338 'et
1424 2292 1473 2339 se-

354 2375 452 2443 cundi
474 2381 551 2457 post
575 2375 746 2441 Christum
776 2377 915 2459 saeculi,
949 2396 1020 2443 cum
1045 2379 1152 2444 altero
1183 2379 1255 2445 loco
1285 2380 1321 2445 in
1343 2380 1473 2446 Antho-

352 2483 443 2566 logia
467 2482 629 2548 Palatina
653 2478 771 2562 ἄδηλον
795 2484 850 2562 sit,
883 2504 954 2550 cum
978 2485 1013 2550 in
1035 2485 1209 2552 Planudea
1232 2492 1270 2550 ut
1300 2483 1474 2550 ἀδέσποτον

352 2591 497 2671 feratur,
538 2609 611 2655 cum
645 2589 842 2671 Apollonius
877 2593 1025 2657 Rhodius
1060 2612 1221 2674 nusquam
1257 2602 1473 2676 cognomento

352 2696 566 2776 γραμματικός
590 2696 799 2779 significatus
824 2699 884 2779 sit,
917 2717 990 2764 cum
1013 2699 1153 2780 denique
1182 2699 1305 2765 scholio
1328 2699 1378 2764 illi
1402 2699 1472 2765 Au-

354 2805 461 2870 tonini
492 2803 660 2869 Liberalis
695 2804 792 2870 fidem
830 2805 1014 2870 habendam
1045 2825 1109 2871 non
1146 2825 1221 2872 esse
1256 2806 1472 2886 docuerimus,

352 2931 457 2992 neque
481 2910 675 2976 defenditur
690 2911 901 2992 Apollonium
926 2913 1091 2978 Rhodium
1116 2918 1285 2979 auctorem
1309 2932 1383 2980 esse
1406 2914 1473 2995 epi-

353 3017 549 3101 grammatis
571 3035 677 3097 neque
701 3018 896 3100 explicatur.

442 3141 609 3226 Quomodo
633 3142 737 3226 igitur
768 3144 852 3225 epici
876 3163 993 3210 nomen
1021 3145 1177 3226 irrepsit?
1201 3145 1416 3227 Epigramma
1439 3145 1474 3209 in

354 3251 536 3332 archetypo
559 3249 679 3314 lemma
703 3250 834 3315 habuit:
861 3257 1094 3330 Fpaupanaoo,
1118 3251 1249 3317 nomine
1271 3252 1338 3316 iam
1363 3251 1473 3332 deper-

253 3377 255 3380 ·
353 3357 437 3438 dito;
469 3361 563 3422 recte
587 3356 692 3438 igitur
715 3356 886 3422 Planudea
909 3357 1161 3440 suprascripsit:
1194 3355 1377 3420 ἀδέσποτον.
1407 3358 1472 3423 Pa·

352 3462 452 3528 latini
481 3462 585 3528 fontis
609 3462 766 3528 librarius
789 3463 939 3528 meminit
961 3464 1093 3531 illarum
1120 3465 1210 3531 inter
1234 3462 1472 3530 Callimachum

352 3577 387 3633 et
418 3569 630 3651 Apollonium
662 3570 827 3635 Rhodium
857 3570 1118 3647 inimicitiarum,
1153 3590 1231 3655 ergo
1263 3571 1474 3634 Ἀπολλωνίου

352 3694 471 3740 nomen
488 3675 627 3743 addidit.
654 3676 750 3741 Unde
770 3677 926 3742 librarius
943 3677 1146 3744 Bhorribile
1162 3678 1244 3743 illud
1259 3675 1473 3741 Ἀπολλωνίου

352 3791 567 3861 γραμματικοῦ
591 3783 712 3848 lemma
734 3784 898 3863 peccavit.

441 3926 601 3994 Videmus
626 3924 730 4008 igitur
752 3927 814 3991 hoc
838 3946 964 4008 quoque
990 3928 1062 3994 loco
1086 3930 1269 3996 Planudem
1298 3935 1472 4011 praestare

352 4032 512 4098 Palatino
537 4032 652 4098 codici.
697 4033 914 4116 Epigramma
942 4034 1045 4117 igitur
1071 4037 1286 4119 compositum
1313 4042 1366 4101 est
1389 4041 1472 4102 tem·

351 4139 483 4220 poribus
522 4139 706 4222 anthologii
742 4140 978 4223 Diogeuianei,
1019 4161 1124 4223 neque
1164 4144 1342 4209 abhorrere
1375 4143 1472 4208 huius

442 4437 462 4508 ¹)
481 4439 516 4493 cf.
536 4439 568 4494 Ic.
589 4438 676 4496 Odor:
696 4441 737 4496 Da
757 4442 895 4496 Antonino
913 4441 972 4497 Lih.
992 4442 1071 4497 1886.
1090 4459 1117 4511 p.
1136 4445 1177 4497 22,
1199 4449 1229 4499 at
1246 4445 1289 4498 44.
