<?xml version="1.0" encoding="UTF-8"?>
<!DOCTYPE html PUBLIC "-//W3C//DTD XHTML 1.0 Transitional//EN"
    "http://www.w3.org/TR/xhtml1/DTD/xhtml1-transitional.dtd">
<html xmlns="http://www.w3.org/1999/xhtml" xml:lang="en" lang="en">
 <head>
  <title>
</title>
<meta http-equiv="Content-Type" content="text/html;charset=utf-8" />
  <meta name='ocr-system' content='tesseract 3.04.00' />
  <meta name='ocr-capabilities' content='ocr_page ocr_carea ocr_par ocr_line ocrx_word'/>
</head>
<body>
  <div class='ocr_page' id='page_1' title='image "./deanthologiapal00sakogoog_0080.png"; bbox 0 0 3460 5218; ppageno 0'>
   <div class='ocr_carea' id='block_1_1' title="bbox 708 539 930 596">
    <p class='ocr_par' dir='ltr' id='par_1_1' title="bbox 708 539 930 596">
     <span class='ocr_line' id='line_1_1' title="bbox 708 539 930 596; baseline 0.005 -16"><span class='ocrx_word' id='word_1_1' title='bbox 708 539 930 596; x_wconf 78' lang='grc'><strong>..69-</strong></span> 
     </span>
    </p>
   </div>
   <div class='ocr_carea' id='block_1_2' title="bbox 347 709 1255 900">
    <p class='ocr_par' dir='ltr' id='par_1_2' title="bbox 347 709 1255 900">
     <span class='ocr_line' id='line_1_2' title="bbox 347 709 1227 790; baseline -0.007 -12"><span class='ocrx_word' id='word_1_2' title='bbox 347 709 428 778; x_wconf 70' lang='lat' dir='ltr'><strong>cilici</strong></span> <span class='ocrx_word' id='word_1_3' title='bbox 449 711 508 778; x_wconf 81' lang='grc' dir='ltr'><strong>τὸν</strong></span> <span class='ocrx_word' id='word_1_4' title='bbox 530 712 565 776; x_wconf 78' lang='grc' dir='ltr'><strong>ἐκ</strong></span> <span class='ocrx_word' id='word_1_5' title='bbox 588 710 713 776; x_wconf 85' lang='grc' dir='ltr'><strong>τούτων</strong></span> <span class='ocrx_word' id='word_1_6' title='bbox 736 710 857 790; x_wconf 82' lang='grc' dir='ltr'><em>ἀμφοῖν</em></span> <span class='ocrx_word' id='word_1_7' title='bbox 878 712 996 790; x_wconf 79' lang='grc' dir='ltr'><strong><em>μέσον,</em></strong></span> <span class='ocrx_word' id='word_1_8' title='bbox 1012 709 1084 774; x_wconf 81' lang='grc' dir='ltr'><strong><em>οἷον</em></strong></span> <span class='ocrx_word' id='word_1_9' title='bbox 1106 710 1227 773; x_wconf 79' lang='grc' dir='ltr'><strong><em>ἐκεῖνον</em></strong></span> 
     </span>
     <span class='ocr_line' id='line_1_3' title="bbox 393 815 1255 900; baseline -0.005 -16"><span class='ocrx_word' id='word_1_10' title='bbox 393 819 451 884; x_wconf 80' lang='grc' dir='ltr'><strong>τὸν</strong></span> <span class='ocrx_word' id='word_1_11' title='bbox 473 823 524 884; x_wconf 76' lang='grc' dir='ltr'><strong>καὶ</strong></span> <span class='ocrx_word' id='word_1_12' title='bbox 546 817 590 900; x_wconf 81' lang='grc' dir='ltr'><strong>μὴ</strong></span> <span class='ocrx_word' id='word_1_13' title='bbox 613 820 762 900; x_wconf 77' lang='grc' dir='ltr'>παρέχειν</span> <span class='ocrx_word' id='word_1_14' title='bbox 784 815 887 882; x_wconf 80' lang='grc' dir='ltr'><strong><em>εἰδότα</em></strong></span> <span class='ocrx_word' id='word_1_15' title='bbox 911 821 962 880; x_wconf 80' lang='grc' dir='ltr'><strong>καὶ</strong></span> <span class='ocrx_word' id='word_1_16' title='bbox 984 818 1141 898; x_wconf 77' lang='grc' dir='ltr'>παρέχειν.</span> <span class='ocrx_word' id='word_1_17' title='bbox 1165 858 1208 868; x_wconf 96' lang='grc'>-</span> <span class='ocrx_word' id='word_1_18' title='bbox 1253 888 1255 894; x_wconf 40' lang='grc'>,</span> 
     </span>
    </p>
   </div>
   <div class='ocr_carea' id='block_1_3' title="bbox 257 940 1386 1152">
    <p class='ocr_par' dir='ltr' id='par_1_3' title="bbox 257 940 1386 1152">
     <span class='ocr_line' id='line_1_4' title="bbox 257 940 1199 1030; baseline -0.008 -17"><span class='ocrx_word' id='word_1_19' title='bbox 257 945 415 1030; x_wconf 79' lang='lat' dir='ltr'><strong>Adparet</strong></span> <span class='ocrx_word' id='word_1_20' title='bbox 437 963 517 1029; x_wconf 78' lang='lat' dir='ltr'><strong>ergo</strong></span> <span class='ocrx_word' id='word_1_21' title='bbox 540 941 695 1010; x_wconf 78' lang='lat' dir='ltr'><strong>Rufinum</strong></span> <span class='ocrx_word' id='word_1_22' title='bbox 719 947 799 1009; x_wconf 87' lang='lat' dir='ltr'><strong>ante</strong></span> <span class='ocrx_word' id='word_1_23' title='bbox 822 941 1016 1010; x_wconf 78' lang='lat' dir='ltr'><strong>Stratonem</strong></span> <span class='ocrx_word' id='word_1_24' title='bbox 1039 940 1199 1010; x_wconf 87' lang='lat' dir='ltr'><strong>floruisse.</strong></span> 
     </span>
     <span class='ocr_line' id='line_1_5' title="bbox 350 1066 1386 1152; baseline -0.005 -15"><span class='ocrx_word' id='word_1_25' title='bbox 350 1069 417 1138; x_wconf 84' lang='lat' dir='ltr'><strong>Sed</strong></span> <span class='ocrx_word' id='word_1_26' title='bbox 447 1069 552 1136; x_wconf 89' lang='lat' dir='ltr'><strong>etiam</strong></span> <span class='ocrx_word' id='word_1_27' title='bbox 582 1067 716 1152; x_wconf 82' lang='lat' dir='ltr'><strong>propius</strong></span> <span class='ocrx_word' id='word_1_28' title='bbox 747 1067 791 1133; x_wconf 88' lang='lat' dir='ltr'><strong>ad</strong></span> <span class='ocrx_word' id='word_1_29' title='bbox 813 1066 926 1134; x_wconf 85' lang='lat' dir='ltr'><strong>Rufini</strong></span> <span class='ocrx_word' id='word_1_30' title='bbox 954 1071 1104 1134; x_wconf 88' lang='lat' dir='ltr'><strong>aetatem</strong></span> <span class='ocrx_word' id='word_1_31' title='bbox 1136 1067 1296 1134; x_wconf 86' lang='lat' dir='ltr'><strong>accedere</strong></span> <span class='ocrx_word' id='word_1_32' title='bbox 1326 1084 1386 1133; x_wconf 90' lang='lat' dir='ltr'><strong>nos</strong></span> 
     </span>
    </p>
   </div>
   <div class='ocr_carea' id='block_1_4' title="bbox 258 1173 1520 1262">
    <p class='ocr_par' dir='ltr' id='par_1_4' title="bbox 258 1173 1520 1262">
     <span class='ocr_line' id='line_1_6' title="bbox 258 1173 1520 1262; baseline -0.006 -17"><span class='ocrx_word' id='word_1_33' title='bbox 258 1195 356 1262; x_wconf 82' lang='lat' dir='ltr'><strong>posse</strong></span> <span class='ocrx_word' id='word_1_34' title='bbox 378 1195 475 1260; x_wconf 91' lang='lat' dir='ltr'><strong>spero</strong></span> <span class='ocrx_word' id='word_1_35' title='bbox 498 1175 661 1258; x_wconf 81' lang='lat' dir='ltr'><strong>inspectis</strong></span> <span class='ocrx_word' id='word_1_36' title='bbox 686 1174 803 1257; x_wconf 83' lang='lat' dir='ltr'><strong>paucis</strong></span> <span class='ocrx_word' id='word_1_37' title='bbox 818 1174 988 1242; x_wconf 76' lang='lat' dir='ltr'><strong>Martialis</strong></span> <span class='ocrx_word' id='word_1_38' title='bbox 1014 1173 1275 1259; x_wconf 84' lang='lat' dir='ltr'><strong>epigrammatis,</strong></span> <span class='ocrx_word' id='word_1_39' title='bbox 1302 1191 1387 1255; x_wconf 89' lang='lat' dir='ltr'><strong>qnae</strong></span> <span class='ocrx_word' id='word_1_40' title='bbox 1517 1219 1520 1226; x_wconf 79' lang='lat'><em>-</em></span> 
     </span>
    </p>
   </div>
   <div class='ocr_carea' id='block_1_5' title="bbox 258 1279 1388 2115">
    <p class='ocr_par' dir='ltr' id='par_1_5' title="bbox 258 1279 1388 2115">
     <span class='ocr_line' id='line_1_7' title="bbox 258 1279 1388 1365; baseline -0.004 -13"><span class='ocrx_word' id='word_1_41' title='bbox 258 1285 378 1352; x_wconf 90' lang='lat' dir='ltr'><strong>miram</strong></span> <span class='ocrx_word' id='word_1_42' title='bbox 394 1302 466 1351; x_wconf 92' lang='lat' dir='ltr'><strong>cum</strong></span> <span class='ocrx_word' id='word_1_43' title='bbox 482 1282 594 1350; x_wconf 85' lang='lat' dir='ltr'><strong>Rufini</strong></span> <span class='ocrx_word' id='word_1_44' title='bbox 609 1283 762 1350; x_wconf 83' lang='lat' dir='ltr'><strong>versibus</strong></span> <span class='ocrx_word' id='word_1_45' title='bbox 779 1285 954 1348; x_wconf 89' lang='lat' dir='ltr'><strong>ostentant</strong></span> <span class='ocrx_word' id='word_1_46' title='bbox 967 1281 1226 1365; x_wconf 85' lang='lat' dir='ltr'><strong>congruentiam.</strong></span> <span class='ocrx_word' id='word_1_47' title='bbox 1265 1279 1388 1348; x_wconf 76' lang='lat' dir='ltr'><strong>Lucilii</strong></span> 
     </span>
     <span class='ocr_line' id='line_1_8' title="bbox 258 1387 1386 1473; baseline -0.003 -15"><span class='ocrx_word' id='word_1_48' title='bbox 258 1392 394 1473; x_wconf 89' lang='lat' dir='ltr'><strong>eiusque</strong></span> <span class='ocrx_word' id='word_1_49' title='bbox 410 1394 614 1459; x_wconf 86' lang='lat' dir='ltr'><strong>sectatorum</strong></span> <span class='ocrx_word' id='word_1_50' title='bbox 630 1389 823 1456; x_wconf 82' lang='lat' dir='ltr'><strong>Martialem</strong></span> <span class='ocrx_word' id='word_1_51' title='bbox 839 1407 968 1470; x_wconf 88' lang='lat' dir='ltr'><strong>quoque</strong></span> <span class='ocrx_word' id='word_1_52' title='bbox 984 1388 1197 1472; x_wconf 86' lang='lat' dir='ltr'><strong>pedisequum</strong></span> <span class='ocrx_word' id='word_1_53' title='bbox 1221 1406 1296 1454; x_wconf 82' lang='lat' dir='ltr'><strong>esse</strong></span> <span class='ocrx_word' id='word_1_54' title='bbox 1319 1387 1386 1455; x_wconf 92' lang='lat' dir='ltr'><strong>iam</strong></span> 
     </span>
     <span class='ocr_line' id='line_1_9' title="bbox 260 1495 1385 1582; baseline -0.004 -16"><span class='ocrx_word' id='word_1_55' title='bbox 260 1518 361 1582; x_wconf 92' lang='lat' dir='ltr'><strong>supra</strong></span> <span class='ocrx_word' id='word_1_56' title='bbox 373 1497 707 1579; x_wconf 79' lang='lat' dir='ltr'><strong>commemoravimus,</strong></span> <span class='ocrx_word' id='word_1_57' title='bbox 720 1514 827 1578; x_wconf 89' lang='lat' dir='ltr'><strong>neque</strong></span> <span class='ocrx_word' id='word_1_58' title='bbox 838 1501 952 1563; x_wconf 89' lang='lat' dir='ltr'><strong>tamen</strong></span> <span class='ocrx_word' id='word_1_59' title='bbox 966 1496 1179 1563; x_wconf 87' lang='lat' dir='ltr'><strong>accuratiora</strong></span> <span class='ocrx_word' id='word_1_60' title='bbox 1191 1495 1232 1562; x_wconf 89' lang='lat' dir='ltr'><strong>de</strong></span> <span class='ocrx_word' id='word_1_61' title='bbox 1243 1495 1385 1579; x_wconf 89' lang='lat' dir='ltr'><strong>ratione,</strong></span> 
     </span>
     <span class='ocr_line' id='line_1_10' title="bbox 259 1601 1385 1688; baseline -0.004 -17"><span class='ocrx_word' id='word_1_62' title='bbox 259 1624 346 1688; x_wconf 84' lang='lat' dir='ltr'><strong>quae</strong></span> <span class='ocrx_word' id='word_1_63' title='bbox 368 1605 457 1671; x_wconf 90' lang='lat' dir='ltr'><strong>inter</strong></span> <span class='ocrx_word' id='word_1_64' title='bbox 484 1603 648 1670; x_wconf 89' lang='lat' dir='ltr'><strong>Lucilium</strong></span> <span class='ocrx_word' id='word_1_65' title='bbox 677 1609 712 1670; x_wconf 93' lang='lat' dir='ltr'><strong>et</strong></span> <span class='ocrx_word' id='word_1_66' title='bbox 733 1603 927 1671; x_wconf 88' lang='lat' dir='ltr'><strong>Martialem</strong></span> <span class='ocrx_word' id='word_1_67' title='bbox 955 1602 1150 1679; x_wconf 88' lang='lat' dir='ltr'><strong>intercedit,</strong></span> <span class='ocrx_word' id='word_1_68' title='bbox 1179 1601 1385 1685; x_wconf 76' lang='lat' dir='ltr'><strong>protulimus,</strong></span> 
     </span>
     <span class='ocr_line' id='line_1_11' title="bbox 260 1708 1387 1796; baseline -0.002 -17"><span class='ocrx_word' id='word_1_69' title='bbox 260 1731 346 1796; x_wconf 87' lang='lat' dir='ltr'><strong>quae</strong></span> <span class='ocrx_word' id='word_1_70' title='bbox 369 1712 453 1778; x_wconf 88' lang='lat' dir='ltr'><strong>data</strong></span> <span class='ocrx_word' id='word_1_71' title='bbox 472 1711 646 1778; x_wconf 89' lang='lat' dir='ltr'><strong>occasione</strong></span> <span class='ocrx_word' id='word_1_72' title='bbox 661 1729 748 1778; x_wconf 90' lang='lat' dir='ltr'><strong>nunc</strong></span> <span class='ocrx_word' id='word_1_73' title='bbox 763 1709 911 1793; x_wconf 85' lang='lat' dir='ltr'><strong>proferre</strong></span> <span class='ocrx_word' id='word_1_74' title='bbox 926 1709 1039 1776; x_wconf 89' lang='lat' dir='ltr'><strong>liceat.</strong></span> <span class='ocrx_word' id='word_1_75' title='bbox 1075 1708 1227 1791; x_wconf 85' lang='lat' dir='ltr'><strong>Namque</strong></span> <span class='ocrx_word' id='word_1_76' title='bbox 1244 1710 1387 1794; x_wconf 89' lang='lat' dir='ltr'><strong>adparet</strong></span> 
     </span>
     <span class='ocr_line' id='line_1_12' title="bbox 258 1816 1387 1898; baseline -0.002 -12"><span class='ocrx_word' id='word_1_77' title='bbox 258 1819 453 1886; x_wconf 85' lang='lat' dir='ltr'><strong>Martialem</strong></span> <span class='ocrx_word' id='word_1_78' title='bbox 491 1818 605 1885; x_wconf 89' lang='lat' dir='ltr'><strong>eodem</strong></span> <span class='ocrx_word' id='word_1_79' title='bbox 644 1837 707 1898; x_wconf 87' lang='lat' dir='ltr'><strong>quo</strong></span> <span class='ocrx_word' id='word_1_80' title='bbox 743 1817 908 1884; x_wconf 89' lang='lat' dir='ltr'><strong>Lucilium</strong></span> <span class='ocrx_word' id='word_1_81' title='bbox 946 1816 1145 1883; x_wconf 89' lang='lat' dir='ltr'><strong>imitabatur</strong></span> <span class='ocrx_word' id='word_1_82' title='bbox 1175 1818 1269 1883; x_wconf 88' lang='lat' dir='ltr'><strong>modo</strong></span> <span class='ocrx_word' id='word_1_83' title='bbox 1302 1816 1387 1884; x_wconf 90' lang='lat' dir='ltr'><strong>alios</strong></span> 
     </span>
     <span class='ocr_line' id='line_1_13' title="bbox 259 1922 1386 2008; baseline -0.002 -14"><span class='ocrx_word' id='word_1_84' title='bbox 259 1945 387 2008; x_wconf 87' lang='lat' dir='ltr'><strong>quoque</strong></span> <span class='ocrx_word' id='word_1_85' title='bbox 418 1929 538 2008; x_wconf 89' lang='lat' dir='ltr'><strong>poetas</strong></span> <span class='ocrx_word' id='word_1_86' title='bbox 569 1924 737 1991; x_wconf 88' lang='lat' dir='ltr'><strong>imitatum</strong></span> <span class='ocrx_word' id='word_1_87' title='bbox 768 1941 852 1990; x_wconf 87' lang='lat' dir='ltr'><strong>esse.</strong></span> <span class='ocrx_word' id='word_1_88' title='bbox 907 1922 1036 2007; x_wconf 80' lang='lat' dir='ltr'><strong>Collegi</strong></span> <span class='ocrx_word' id='word_1_89' title='bbox 1074 1930 1187 1990; x_wconf 87' lang='lat' dir='ltr'><strong>autem</strong></span> <span class='ocrx_word' id='word_1_90' title='bbox 1216 1925 1301 1991; x_wconf 89' lang='lat' dir='ltr'><strong>haee</strong></span> <span class='ocrx_word' id='word_1_91' title='bbox 1330 1943 1386 2008; x_wconf 91' lang='lat' dir='ltr'><strong>po·</strong></span> 
     </span>
     <span class='ocr_line' id='line_1_14' title="bbox 259 2030 1386 2115; baseline 0 -17"><span class='ocrx_word' id='word_1_92' title='bbox 259 2033 427 2100; x_wconf 87' lang='lat' dir='ltr'><strong>tissimum</strong></span> <span class='ocrx_word' id='word_1_93' title='bbox 469 2031 726 2115; x_wconf 83' lang='lat' dir='ltr'><strong>epigrammata,</strong></span> <span class='ocrx_word' id='word_1_94' title='bbox 767 2031 884 2112; x_wconf 87' lang='lat' dir='ltr'><strong>quibus</strong></span> <span class='ocrx_word' id='word_1_95' title='bbox 929 2050 1002 2096; x_wconf 90' lang='lat' dir='ltr'><strong>mea</strong></span> <span class='ocrx_word' id='word_1_96' title='bbox 1046 2030 1176 2114; x_wconf 87' lang='lat' dir='ltr'><strong>quidem</strong></span> <span class='ocrx_word' id='word_1_97' title='bbox 1215 2031 1386 2099; x_wconf 89' lang='lat' dir='ltr'><strong>sententia</strong></span> 
     </span>
    </p>
   </div>
   <div class='ocr_carea' id='block_1_6' title="bbox 153 2137 1229 2238">
    <p class='ocr_par' dir='ltr' id='par_1_6' title="bbox 153 2137 1229 2238">
     <span class='ocr_line' id='line_1_15' title="bbox 153 2137 1229 2238; baseline -0.006 -31"><span class='ocrx_word' id='word_1_98' title='bbox 153 2231 155 2238; x_wconf 12' lang='lat' dir='ltr'>y</span> <span class='ocrx_word' id='word_1_99' title='bbox 260 2139 455 2207; x_wconf 88' lang='lat' dir='ltr'><strong>Martialem</strong></span> <span class='ocrx_word' id='word_1_100' title='bbox 478 2143 647 2205; x_wconf 87' lang='lat' dir='ltr'><strong>strenuum</strong></span> <span class='ocrx_word' id='word_1_101' title='bbox 672 2137 795 2205; x_wconf 86' lang='lat' dir='ltr'><strong>Lucilii</strong></span> <span class='ocrx_word' id='word_1_102' title='bbox 817 2142 992 2221; x_wconf 87' lang='lat' dir='ltr'><strong>captamus</strong></span> <span class='ocrx_word' id='word_1_103' title='bbox 1016 2143 1229 2205; x_wconf 87' lang='lat' dir='ltr'><strong>sectatorem.</strong></span> 
     </span>
    </p>
   </div>
   <div class='ocr_carea' id='block_1_7' title="bbox 366 2261 1279 3620">
    <p class='ocr_par' dir='ltr' id='par_1_7' title="bbox 366 2261 1278 2450">
     <span class='ocr_line' id='line_1_16' title="bbox 366 2261 1278 2345; baseline 0.001 -16"><span class='ocrx_word' id='word_1_104' title='bbox 366 2262 489 2329; x_wconf 88' lang='lat' dir='ltr'><strong>Lucilii</strong></span> <span class='ocrx_word' id='word_1_105' title='bbox 506 2281 555 2345; x_wconf 91' lang='lat' dir='ltr'><strong>ep.</strong></span> <span class='ocrx_word' id='word_1_106' title='bbox 572 2263 640 2329; x_wconf 90' lang='lat' dir='ltr'><strong>XI.</strong></span> <span class='ocrx_word' id='word_1_107' title='bbox 670 2268 718 2326; x_wconf 90' lang='lat'><strong>10.</strong></span> <span class='ocrx_word' id='word_1_108' title='bbox 744 2261 826 2329; x_wconf 81' lang='lat' dir='ltr'><strong>conf.</strong></span> <span class='ocrx_word' id='word_1_109' title='bbox 854 2280 925 2328; x_wconf 91' lang='lat' dir='ltr'><strong>oum</strong></span> <span class='ocrx_word' id='word_1_110' title='bbox 940 2261 1111 2328; x_wconf 87' lang='lat' dir='ltr'><strong>Martialis</strong></span> <span class='ocrx_word' id='word_1_111' title='bbox 1135 2263 1201 2330; x_wconf 88' lang='lat' dir='ltr'><strong>III.</strong></span> <span class='ocrx_word' id='word_1_112' title='bbox 1227 2267 1278 2330; x_wconf 98' lang='grc'><strong>10.</strong></span> 
     </span>
     <span class='ocr_line' id='line_1_17' title="bbox 519 2370 1278 2450; baseline 0.007 -19"><span class='ocrx_word' id='word_1_113' title='bbox 519 2421 535 2450; x_wconf 86' lang='lat'>„</span> <span class='ocrx_word' id='word_1_114' title='bbox 643 2375 714 2432; x_wconf 88' lang='lat'>141.</span> <span class='ocrx_word' id='word_1_115' title='bbox 781 2417 795 2443; x_wconf 83' lang='lat'>„</span> <span class='ocrx_word' id='word_1_116' title='bbox 881 2416 895 2443; x_wconf 89' lang='grc'><strong>.</strong></span> <span class='ocrx_word' id='word_1_117' title='bbox 1016 2416 1029 2444; x_wconf 93' lang='grc'><strong>,.</strong></span> <span class='ocrx_word' id='word_1_118' title='bbox 1137 2370 1278 2438; x_wconf 85' lang='lat' dir='ltr'><strong>V1.1e.</strong></span> 
     </span>
    </p>

    <p class='ocr_par' dir='ltr' id='par_1_8' title="bbox 432 2477 1278 2556">
     <span class='ocr_line' id='line_1_18' title="bbox 432 2477 1278 2556; baseline 0.002 -17"><span class='ocrx_word' id='word_1_119' title='bbox 432 2523 445 2550; x_wconf 86' lang='grc'><strong>,,</strong></span> <span class='ocrx_word' id='word_1_120' title='bbox 521 2523 534 2552; x_wconf 83' lang='grc'><strong>,,</strong></span> <span class='ocrx_word' id='word_1_121' title='bbox 643 2482 716 2541; x_wconf 84' lang='lat'><strong>153.</strong></span> <span class='ocrx_word' id='word_1_122' title='bbox 780 2525 795 2556; x_wconf 89' lang='lat'>„</span> <span class='ocrx_word' id='word_1_123' title='bbox 881 2524 895 2550; x_wconf 86' lang='lat'>„</span> <span class='ocrx_word' id='word_1_124' title='bbox 1015 2527 1029 2556; x_wconf 91' lang='lat'>„</span> <span class='ocrx_word' id='word_1_125' title='bbox 1137 2477 1199 2545; x_wconf 82' lang='lat' dir='ltr'><strong>IV.</strong></span> <span class='ocrx_word' id='word_1_126' title='bbox 1227 2482 1278 2542; x_wconf 85' lang='lat'><strong>53.</strong></span> 
     </span>
    </p>

    <p class='ocr_par' dir='ltr' id='par_1_9' title="bbox 431 2584 1279 2664">
     <span class='ocr_line' id='line_1_19' title="bbox 431 2584 1279 2664; baseline 0.007 -6"><span class='ocrx_word' id='word_1_127' title='bbox 431 2629 445 2658; x_wconf 90' lang='grc' dir='ltr'><strong>ιι</strong></span> <span class='ocrx_word' id='word_1_128' title='bbox 518 2631 532 2657; x_wconf 88' lang='grc' dir='ltr'><strong>ιι</strong></span> <span class='ocrx_word' id='word_1_129' title='bbox 642 2587 715 2646; x_wconf 74' lang='grc'><strong>171·</strong></span> <span class='ocrx_word' id='word_1_130' title='bbox 782 2633 796 2662; x_wconf 90' lang='grc' dir='ltr'><strong>ιι</strong></span> <span class='ocrx_word' id='word_1_131' title='bbox 882 2633 896 2662; x_wconf 93' lang='grc' dir='ltr'><strong>ιι</strong></span> <span class='ocrx_word' id='word_1_132' title='bbox 1014 2633 1029 2664; x_wconf 89' lang='grc' dir='ltr'><strong>ιι</strong></span> <span class='ocrx_word' id='word_1_133' title='bbox 1160 2584 1202 2652; x_wconf 82' lang='lat' dir='ltr'><strong>V·</strong></span> <span class='ocrx_word' id='word_1_134' title='bbox 1229 2589 1279 2650; x_wconf 78' lang='lat'><strong>32·</strong></span> 
     </span>
    </p>

    <p class='ocr_par' dir='ltr' id='par_1_10' title="bbox 430 2691 1279 2769">
     <span class='ocr_line' id='line_1_20' title="bbox 430 2691 1279 2769; baseline -0.008 -5"><span class='ocrx_word' id='word_1_135' title='bbox 430 2736 445 2764; x_wconf 71' lang='grc' dir='ltr'><strong>ι</strong></span> <span class='ocrx_word' id='word_1_136' title='bbox 518 2738 532 2764; x_wconf 70' lang='grc' dir='ltr'><strong>ι</strong></span> <span class='ocrx_word' id='word_1_137' title='bbox 642 2695 714 2754; x_wconf 83' lang='lat'>176.</span> <span class='ocrx_word' id='word_1_138' title='bbox 781 2737 795 2763; x_wconf 67' lang='grc' dir='ltr'><strong>ι</strong></span> <span class='ocrx_word' id='word_1_139' title='bbox 880 2738 896 2769; x_wconf 83' lang='grc'><strong>,,</strong></span> <span class='ocrx_word' id='word_1_140' title='bbox 1013 2737 1027 2763; x_wconf 81' lang='lat'>„</span> <span class='ocrx_word' id='word_1_141' title='bbox 1139 2691 1203 2759; x_wconf 87' lang='lat' dir='ltr'><strong>VI.</strong></span> <span class='ocrx_word' id='word_1_142' title='bbox 1230 2696 1279 2757; x_wconf 84' lang='lat'><strong>72.</strong></span> 
     </span>
    </p>

    <p class='ocr_par' dir='ltr' id='par_1_11' title="bbox 431 2797 1279 3084">
     <span class='ocr_line' id='line_1_21' title="bbox 431 2797 1279 2876; baseline 0.004 -18"><span class='ocrx_word' id='word_1_143' title='bbox 431 2843 445 2872; x_wconf 85' lang='lat'>„</span> <span class='ocrx_word' id='word_1_144' title='bbox 521 2843 535 2870; x_wconf 91' lang='lat'>„</span> <span class='ocrx_word' id='word_1_145' title='bbox 643 2801 715 2859; x_wconf 83' lang='lat' dir='ltr'><strong>reo.</strong></span> <span class='ocrx_word' id='word_1_146' title='bbox 782 2843 795 2870; x_wconf 93' lang='lat'>„</span> <span class='ocrx_word' id='word_1_147' title='bbox 882 2842 895 2869; x_wconf 86' lang='lat'>„</span> <span class='ocrx_word' id='word_1_148' title='bbox 1015 2846 1030 2876; x_wconf 95' lang='lat'><strong>‚‚</strong></span> <span class='ocrx_word' id='word_1_149' title='bbox 1134 2797 1202 2864; x_wconf 82' lang='lat' dir='ltr'><strong>XI.</strong></span> <span class='ocrx_word' id='word_1_150' title='bbox 1228 2804 1279 2864; x_wconf 85' lang='lat'><strong>84.</strong></span> 
     </span>
     <span class='ocr_line' id='line_1_22' title="bbox 520 2905 1279 2978; baseline 0.008 -13"><span class='ocrx_word' id='word_1_151' title='bbox 520 2951 534 2978; x_wconf 90' lang='lat'>„</span> <span class='ocrx_word' id='word_1_152' title='bbox 640 2907 715 2968; x_wconf 84' lang='lat'><strong>205.</strong></span> <span class='ocrx_word' id='word_1_153' title='bbox 779 2951 792 2977; x_wconf 89' lang='lat'><strong>„</strong></span> <span class='ocrx_word' id='word_1_154' title='bbox 880 2951 894 2977; x_wconf 88' lang='lat'>„</span> <span class='ocrx_word' id='word_1_155' title='bbox 1015 2951 1028 2976; x_wconf 86' lang='lat'>„</span> <span class='ocrx_word' id='word_1_156' title='bbox 1154 2905 1203 2971; x_wconf 90' lang='lat' dir='ltr'><strong>II.</strong></span> <span class='ocrx_word' id='word_1_157' title='bbox 1229 2909 1279 2971; x_wconf 83' lang='lat'><strong>37.</strong></span> 
     </span>
     <span class='ocr_line' id='line_1_23' title="bbox 520 3010 1279 3084; baseline 0.008 -12"><span class='ocrx_word' id='word_1_158' title='bbox 520 3057 533 3084; x_wconf 93' lang='lat'>„</span> <span class='ocrx_word' id='word_1_159' title='bbox 640 3015 714 3073; x_wconf 87' lang='grc'><strong>214.</strong></span> <span class='ocrx_word' id='word_1_160' title='bbox 780 3057 793 3082; x_wconf 85' lang='grc'><strong>,,</strong></span> <span class='ocrx_word' id='word_1_161' title='bbox 880 3057 893 3084; x_wconf 85' lang='lat'><strong>„</strong></span> <span class='ocrx_word' id='word_1_162' title='bbox 1015 3010 1279 3084; x_wconf 77' lang='lat' dir='ltr'><strong>„V.21.53.54.</strong></span> 
     </span>
    </p>

    <p class='ocr_par' dir='ltr' id='par_1_12' title="bbox 430 3119 1279 3198">
     <span class='ocr_line' id='line_1_24' title="bbox 430 3119 1279 3198; baseline -0.007 -6"><span class='ocrx_word' id='word_1_163' title='bbox 430 3167 445 3198; x_wconf 91' lang='grc' dir='ltr'><strong>ιι</strong></span> <span class='ocrx_word' id='word_1_164' title='bbox 521 3163 535 3191; x_wconf 87' lang='grc' dir='ltr'><strong>ιι</strong></span> <span class='ocrx_word' id='word_1_165' title='bbox 642 3120 716 3182; x_wconf 76' lang='lat'>239·</span> <span class='ocrx_word' id='word_1_166' title='bbox 783 3163 796 3190; x_wconf 91' lang='grc' dir='ltr'><strong>ιι</strong></span> <span class='ocrx_word' id='word_1_167' title='bbox 881 3166 897 3197; x_wconf 91' lang='grc' dir='ltr'><strong>ιι</strong></span> <span class='ocrx_word' id='word_1_168' title='bbox 1016 3167 1029 3193; x_wconf 83' lang='grc' dir='ltr'><strong>ιι</strong></span> <span class='ocrx_word' id='word_1_169' title='bbox 1140 3119 1202 3188; x_wconf 75' lang='lat' dir='ltr'><strong>VI·</strong></span> <span class='ocrx_word' id='word_1_170' title='bbox 1228 3122 1279 3186; x_wconf 82' lang='grc'><strong>93.</strong></span> 
     </span>
    </p>

    <p class='ocr_par' dir='ltr' id='par_1_13' title="bbox 430 3226 1279 3410">
     <span class='ocr_line' id='line_1_25' title="bbox 430 3226 1279 3304; baseline -0.007 -5"><span class='ocrx_word' id='word_1_171' title='bbox 430 3271 444 3300; x_wconf 70' lang='grc' dir='ltr'><strong>ι</strong></span> <span class='ocrx_word' id='word_1_172' title='bbox 519 3271 533 3298; x_wconf 68' lang='grc' dir='ltr'><strong>ι</strong></span> <span class='ocrx_word' id='word_1_173' title='bbox 639 3228 715 3287; x_wconf 85' lang='lat'>240·</span> <span class='ocrx_word' id='word_1_174' title='bbox 781 3269 794 3296; x_wconf 65' lang='grc' dir='ltr'><strong>ι</strong></span> <span class='ocrx_word' id='word_1_175' title='bbox 881 3271 894 3299; x_wconf 68' lang='grc' dir='ltr'><strong>ι</strong></span> <span class='ocrx_word' id='word_1_176' title='bbox 1014 3274 1029 3304; x_wconf 87' lang='grc'><strong>,,</strong></span> <span class='ocrx_word' id='word_1_177' title='bbox 1119 3226 1201 3295; x_wconf 90' lang='lat' dir='ltr'><strong>VII.</strong></span> <span class='ocrx_word' id='word_1_178' title='bbox 1228 3231 1279 3293; x_wconf 86' lang='lat'><strong>94.</strong></span> 
     </span>
     <span class='ocr_line' id='line_1_26' title="bbox 519 3333 795 3410; baseline -0.014 -16"><span class='ocrx_word' id='word_1_179' title='bbox 519 3380 534 3410; x_wconf 89' lang='lat'>„</span> <span class='ocrx_word' id='word_1_180' title='bbox 641 3333 715 3395; x_wconf 83' lang='lat'>249.</span> <span class='ocrx_word' id='word_1_181' title='bbox 782 3377 795 3403; x_wconf 83' lang='grc'><strong>,,</strong></span> 
     </span>
    </p>

    <p class='ocr_par' dir='ltr' id='par_1_14' title="bbox 429 3441 1027 3518">
     <span class='ocr_line' id='line_1_27' title="bbox 429 3441 1027 3518; baseline 0 -7"><span class='ocrx_word' id='word_1_182' title='bbox 429 3487 444 3518; x_wconf 92' lang='grc' dir='ltr'><strong>ιι</strong></span> <span class='ocrx_word' id='word_1_183' title='bbox 520 3484 533 3512; x_wconf 88' lang='grc' dir='ltr'><strong>ιι</strong></span> <span class='ocrx_word' id='word_1_184' title='bbox 640 3441 715 3503; x_wconf 65' lang='lat'><strong>25⁷·</strong></span> <span class='ocrx_word' id='word_1_185' title='bbox 780 3483 793 3510; x_wconf 92' lang='grc' dir='ltr'><strong>ιι</strong></span> <span class='ocrx_word' id='word_1_186' title='bbox 881 3485 894 3507; x_wconf 82' lang='grc' dir='ltr'><strong>ιι</strong></span> <span class='ocrx_word' id='word_1_187' title='bbox 1014 3485 1027 3512; x_wconf 87' lang='grc' dir='ltr'><strong>ιι</strong></span> 
     </span>
    </p>

    <p class='ocr_par' dir='ltr' id='par_1_15' title="bbox 430 3550 797 3620">
     <span class='ocr_line' id='line_1_28' title="bbox 430 3550 797 3620; baseline -0.005 0"><span class='ocrx_word' id='word_1_188' title='bbox 430 3591 444 3620; x_wconf 72' lang='grc' dir='ltr'><strong>ι</strong></span> <span class='ocrx_word' id='word_1_189' title='bbox 519 3591 533 3619; x_wconf 70' lang='grc' dir='ltr'><strong>ι</strong></span> <span class='ocrx_word' id='word_1_190' title='bbox 643 3550 717 3609; x_wconf 89' lang='lat'>310.</span> <span class='ocrx_word' id='word_1_191' title='bbox 784 3591 797 3618; x_wconf 68' lang='grc' dir='ltr'><strong>ι</strong></span> 
     </span>
    </p>
   </div>
   <div class='ocr_carea' id='block_1_8' title="bbox 258 3667 1385 4534">
    <p class='ocr_par' dir='ltr' id='par_1_16' title="bbox 259 3667 1385 4056">
     <span class='ocr_line' id='line_1_29' title="bbox 260 3667 1385 3753; baseline 0.003 -20"><span class='ocrx_word' id='word_1_192' title='bbox 260 3667 410 3736; x_wconf 83' lang='lat' dir='ltr'><strong>Enotavi</strong></span> <span class='ocrx_word' id='word_1_193' title='bbox 445 3687 487 3734; x_wconf 91' lang='lat' dir='ltr'><strong>ea</strong></span> <span class='ocrx_word' id='word_1_194' title='bbox 517 3673 650 3734; x_wconf 87' lang='lat' dir='ltr'><strong>tantum</strong></span> <span class='ocrx_word' id='word_1_195' title='bbox 682 3669 846 3750; x_wconf 85' lang='lat' dir='ltr'><strong>exempla,</strong></span> <span class='ocrx_word' id='word_1_196' title='bbox 879 3668 996 3750; x_wconf 87' lang='lat' dir='ltr'><strong>quibus</strong></span> <span class='ocrx_word' id='word_1_197' title='bbox 1027 3674 1135 3737; x_wconf 91' lang='lat' dir='ltr'><strong>totum</strong></span> <span class='ocrx_word' id='word_1_198' title='bbox 1162 3668 1284 3736; x_wconf 90' lang='lat' dir='ltr'><strong>Lucilii</strong></span> <span class='ocrx_word' id='word_1_199' title='bbox 1318 3669 1385 3753; x_wconf 90' lang='lat' dir='ltr'><strong>epi·</strong></span> 
     </span>
     <span class='ocr_line' id='line_1_30' title="bbox 261 3774 1385 3859; baseline 0.004 -19"><span class='ocrx_word' id='word_1_200' title='bbox 261 3791 412 3857; x_wconf 79' lang='lat' dir='ltr'><strong>gramma</strong></span> <span class='ocrx_word' id='word_1_201' title='bbox 441 3774 645 3840; x_wconf 89' lang='lat' dir='ltr'><strong>aMartiale</strong></span> <span class='ocrx_word' id='word_1_202' title='bbox 676 3792 866 3857; x_wconf 82' lang='lat' dir='ltr'><strong>expressum</strong></span> <span class='ocrx_word' id='word_1_203' title='bbox 898 3780 968 3852; x_wconf 81' lang='lat' dir='ltr'><strong>est3</strong></span> <span class='ocrx_word' id='word_1_204' title='bbox 997 3775 1148 3859; x_wconf 85' lang='lat' dir='ltr'><strong>singulas</strong></span> <span class='ocrx_word' id='word_1_205' title='bbox 1178 3776 1385 3844; x_wconf 88' lang='lat' dir='ltr'><strong>imitationes</strong></span> 
     </span>
     <span class='ocr_line' id='line_1_31' title="bbox 260 3878 1385 3967; baseline 0.003 -21"><span class='ocrx_word' id='word_1_206' title='bbox 260 3879 315 3946; x_wconf 89' lang='lat' dir='ltr'><strong>hic</strong></span> <span class='ocrx_word' id='word_1_207' title='bbox 338 3878 487 3964; x_wconf 85' lang='lat' dir='ltr'><strong>proferre</strong></span> <span class='ocrx_word' id='word_1_208' title='bbox 511 3885 612 3962; x_wconf 87' lang='lat' dir='ltr'><strong>atque</strong></span> <span class='ocrx_word' id='word_1_209' title='bbox 636 3899 828 3947; x_wconf 90' lang='lat' dir='ltr'><strong>enumerare</strong></span> <span class='ocrx_word' id='word_1_210' title='bbox 844 3881 1054 3963; x_wconf 80' lang='lat' dir='ltr'><strong>supersedeo.</strong></span> <span class='ocrx_word' id='word_1_211' title='bbox 1093 3882 1247 3964; x_wconf 83' lang='lat' dir='ltr'><strong>Exempli</strong></span> <span class='ocrx_word' id='word_1_212' title='bbox 1270 3883 1385 3967; x_wconf 80' lang='lat' dir='ltr'><strong>gratia</strong></span> 
     </span>
     <span class='ocr_line' id='line_1_32' title="bbox 259 3987 1200 4056; baseline -0.004 -2"><span class='ocrx_word' id='word_1_213' title='bbox 259 4005 360 4054; x_wconf 92' lang='lat' dir='ltr'><strong>unum</strong></span> <span class='ocrx_word' id='word_1_214' title='bbox 383 3991 420 4054; x_wconf 92' lang='lat' dir='ltr'><strong>et</strong></span> <span class='ocrx_word' id='word_1_215' title='bbox 443 3988 584 4054; x_wconf 88' lang='lat' dir='ltr'><strong>alterum</strong></span> <span class='ocrx_word' id='word_1_216' title='bbox 608 3987 826 4054; x_wconf 82' lang='lat' dir='ltr'><strong>conferamus.</strong></span> <span class='ocrx_word' id='word_1_217' title='bbox 872 3989 940 4055; x_wconf 91' lang='lat' dir='ltr'><strong>XI.</strong></span> <span class='ocrx_word' id='word_1_218' title='bbox 965 3993 1040 4053; x_wconf 84' lang='grc'><strong>310.</strong></span> <span class='ocrx_word' id='word_1_219' title='bbox 1064 3988 1200 4056; x_wconf 86' lang='lat' dir='ltr'><strong>Lucilii:</strong></span> 
     </span>
    </p>

    <p class='ocr_par' dir='ltr' id='par_1_17' title="bbox 349 4109 1286 4195">
     <span class='ocr_line' id='line_1_33' title="bbox 349 4109 1286 4195; baseline -0.001 -18"><span class='ocrx_word' id='word_1_220' title='bbox 349 4109 524 4193; x_wconf 82' lang='grc' dir='ltr'><strong><em>Ἠγόρασας</em></strong></span> <span class='ocrx_word' id='word_1_221' title='bbox 545 4111 875 4190; x_wconf 78' lang='grc' dir='ltr'><strong><em>πλοκάμους,φῦκος,</em></strong></span> <span class='ocrx_word' id='word_1_222' title='bbox 899 4115 976 4189; x_wconf 77' lang='grc' dir='ltr'>μέλι,</span> <span class='ocrx_word' id='word_1_223' title='bbox 1000 4111 1109 4195; x_wconf 72' lang='grc' dir='ltr'><strong><em>κηρὸν,</em></strong></span> <span class='ocrx_word' id='word_1_224' title='bbox 1134 4110 1286 4190; x_wconf 79' lang='grc' dir='ltr'><em>ὀδόντας·</em></span> 
     </span>
    </p>

    <p class='ocr_par' dir='ltr' id='par_1_18' title="bbox 393 4215 1083 4300">
     <span class='ocr_line' id='line_1_34' title="bbox 393 4215 1083 4300; baseline 0.001 -18"><span class='ocrx_word' id='word_1_225' title='bbox 393 4222 447 4299; x_wconf 79' lang='grc' dir='ltr'><strong>τῆς</strong></span> <span class='ocrx_word' id='word_1_226' title='bbox 471 4215 568 4298; x_wconf 76' lang='grc' dir='ltr'><strong><em>αὐτῆς</em></strong></span> <span class='ocrx_word' id='word_1_227' title='bbox 591 4219 731 4298; x_wconf 79' lang='grc' dir='ltr'><strong><em>δαπάνης</em></strong></span> <span class='ocrx_word' id='word_1_228' title='bbox 754 4215 831 4296; x_wconf 72' lang='grc' dir='ltr'>ὄψιν</span> <span class='ocrx_word' id='word_1_229' title='bbox 855 4217 894 4282; x_wconf 82' lang='grc' dir='ltr'><strong>ἂν</strong></span> <span class='ocrx_word' id='word_1_230' title='bbox 918 4217 1083 4300; x_wconf 79' lang='grc' dir='ltr'><em>ἠγόρασας,</em></span> 
     </span>
    </p>

    <p class='ocr_par' dir='ltr' id='par_1_19' title="bbox 258 4340 824 4425">
     <span class='ocr_line' id='line_1_35' title="bbox 258 4340 824 4425; baseline -0.005 -16"><span class='ocrx_word' id='word_1_231' title='bbox 258 4346 296 4409; x_wconf 92' lang='lat' dir='ltr'><strong>et</strong></span> <span class='ocrx_word' id='word_1_232' title='bbox 319 4340 513 4408; x_wconf 88' lang='lat' dir='ltr'><strong>Martialem</strong></span> <span class='ocrx_word' id='word_1_233' title='bbox 535 4342 631 4425; x_wconf 87' lang='lat' dir='ltr'><strong>legas</strong></span> <span class='ocrx_word' id='word_1_234' title='bbox 654 4343 742 4410; x_wconf 75' lang='grc' dir='ltr'><strong>ΧΠ.</strong></span> <span class='ocrx_word' id='word_1_235' title='bbox 768 4348 824 4408; x_wconf 86' lang='lat'><strong>23:</strong></span> 
     </span>
    </p>

    <p class='ocr_par' dir='ltr' id='par_1_20' title="bbox 347 4447 1347 4534">
     <span class='ocr_line' id='line_1_36' title="bbox 347 4447 1347 4534; baseline -0.003 -19"><span class='ocrx_word' id='word_1_236' title='bbox 347 4447 515 4515; x_wconf 82' lang='lat' dir='ltr'><strong>Dentibus</strong></span> <span class='ocrx_word' id='word_1_237' title='bbox 539 4452 641 4529; x_wconf 88' lang='lat' dir='ltr'><strong>atque</strong></span> <span class='ocrx_word' id='word_1_238' title='bbox 665 4449 776 4534; x_wconf 84' lang='lat' dir='ltr'><strong>comis,</strong></span> <span class='ocrx_word' id='word_1_239' title='bbox 801 4468 864 4516; x_wconf 91' lang='lat' dir='ltr'><strong>nec</strong></span> <span class='ocrx_word' id='word_1_240' title='bbox 886 4456 922 4517; x_wconf 91' lang='lat' dir='ltr'><strong>te</strong></span> <span class='ocrx_word' id='word_1_241' title='bbox 946 4449 1057 4534; x_wconf 86' lang='lat' dir='ltr'><strong>pudet,</strong></span> <span class='ocrx_word' id='word_1_242' title='bbox 1083 4449 1188 4519; x_wconf 90' lang='lat' dir='ltr'><strong>uteris</strong></span> <span class='ocrx_word' id='word_1_243' title='bbox 1212 4450 1347 4533; x_wconf 77' lang='lat' dir='ltr'><strong>emptis:</strong></span> 
     </span>
    </p>
   </div>
   <div class='ocr_carea' id='block_1_9' title="bbox 0 0 1735 5218">
    <p class='ocr_par' dir='ltr' id='par_1_21' title="bbox 0 0 1735 5218">
     <span class='ocr_line' id='line_1_37' title="bbox 0 0 1735 5218; baseline 0 0"><span class='ocrx_word' id='word_1_244' title='bbox 0 0 1735 5218; x_wconf 95' lang='lat' dir='ltr'><strong> </strong></span> 
     </span>
    </p>
   </div>
  </div>
 </body>
</html>
