3460 5218
798 517 994 576 ..2-

338 689 448 757 latina
468 695 600 755 restare
623 695 736 772 neget,
761 693 875 755 tamen
898 689 1239 772 etiemaccuratiora,
1264 708 1349 771 quae
1365 689 1458 756 inda·

339 815 440 882 gesse
462 795 543 862 mihi
565 793 689 870 videor,
713 795 861 879 prolerre
885 795 996 862 liceat.

427 905 506 970 Iure
535 921 575 968 ac
605 902 724 969 merito
747 903 800 970 vir
831 903 949 969 doctus
976 903 1098 982 Italus,
1131 901 1300 972 Giouanni
1323 903 1458 989 Setti1),

339 1009 511 1079 contendit
526 1009 561 1076 in
578 1007 701 1076 Snidae
720 1009 842 1089 verbis,
866 1028 952 1091 quae
976 1010 1017 1076 de
1040 1010 1242 1092 temporibus
1256 1010 1460 1096 Diogeniuni

339 1116 544 1202 pronuntiat,
575 1116 657 1182 nihil
688 1116 881 1184 mutandum
913 1135 997 1193 esse,
1030 1135 1102 1183 cum
1133 1119 1262 1196 γέγονεν
1292 1137 1357 1184 non
1388 1121 1457 1183 tam

340 1226 382 1294 de
405 1229 480 1292 ortu
495 1224 559 1292 viri
583 1223 753 1290 cuiusdam
777 1243 873 1305 quam
898 1224 938 1291 de
954 1223 1048 1291 vitae
1064 1223 1204 1290 culmine
1221 1224 1307 1307 apud
1324 1223 1459 1292 Suidam

341 1333 408 1399 dici
429 1329 612 1414 Rohdius2)
637 1331 899 1397 luculentissime
923 1330 1102 1398 edocuerit.

426 1440 542 1508 Verba
565 1443 677 1504 autem
701 1442 739 1503 ut
755 1441 965 1504 mutarentur
979 1437 1162 1504 Passovius
1186 1443 1222 1503 et
1238 1438 1459 1522 Weigandius

339 1549 413 1614 ideo
437 1550 624 1618 suaserunt.
656 1543 867 1625 quodetiam
891 1543 1074 1611 Luciannm
1098 1545 1175 1612 huic
1198 1546 1390 1630 anthologio
1412 1546 1459 1612 in·

339 1661 464 1722 sertum
480 1651 584 1719 luisse
598 1657 803 1735 putaverunt
821 1688 857 1698 -
877 1671 954 1718 num
970 1650 1061 1717 felici
1076 1651 1230 1720 Minerva
1246 1652 1458 1735 coniecerim,

339 1767 459 1846 postea
480 1759 674 1828 videbimus.

428 1867 509 1934 Fuit
539 1873 651 1932 autem
681 1866 910 1948 Diogenianus
946 1866 1084 1932 natione
1115 1867 1276 1935 Ponticus
1308 1885 1349 1934 ex
1379 1869 1460 1934 urbe

340 1975 521 2056 Heraclea,
547 1983 648 2054 atque
663 1975 768 2039 multa
785 1973 856 2039 eins
873 1973 1001 2056 scripta
1024 1973 1205 2040 laudantur
1220 1973 1309 2055 apud
1325 1973 1460 2041 Suidam

340 2082 515 2165 praecipue
531 2081 769 2164 lexicographa
785 2085 820 2145 et
837 2085 1004 2162 excerpta.
1042 2079 1156 2160 Atque
1179 2099 1252 2146 cum
1276 2081 1460 2162 complures

341 2189 487 2256 eiusdem
510 2191 604 2266 λέξεις
627 2196 662 2252 et
688 2187 745 2253 alii
765 2186 842 2253 libri
865 2186 944 2249 κατὰ
968 2201 1122 2264 στοιχεῖον
1145 2187 1319 2268 compositi
1335 2195 1458 2263 essent,

340 2300 376 2363 et
392 2297 588 2378 Meleagrlu
613 2294 823 2376 Philippique
839 2294 1115 2376 epigrammatum
1132 2312 1272 2359 coronae
1289 2294 1355 2360 iam
1380 2299 1459 2361 ante

341 2422 412 2470 eum
438 2403 614 2469 seeundum
638 2403 803 2468 elementa
828 2407 1003 2467 coartatae
1027 2402 1105 2472 sint.
1138 2401 1240 2468 etiam
1271 2400 1460 2482 ἐπιγραμμά-

341 2534 406 2574 τιον
439 2508 664 2594 ἀνθολόγιον4)
696 2508 774 2571 κατὰ
802 2523 959 2586 στοιχεῖον
990 2509 1097 2574 ordini
1128 2506 1325 2590 adaptatum
1356 2508 1460 2576 fuisse

340 2617 611 2687 verisimillimum
636 2622 698 2682 est.

431 2726 535 2789 Porro
549 2742 621 2789 cum
634 2723 736 2789 etiam
750 2723 825 2789 aliis
838 2721 955 2807 locisl)
973 2728 1008 2788 et
1021 2722 1090 2789 alia
1103 2723 1230 2806 scripta
1246 2723 1316 2788 eius
1332 2742 1462 2790 enume-

341 2837 457 2898 rentur
465 2835 501 2895 et
515 2829 656 2910 χρονικὰ,
672 2832 789 2911 quibus
799 2830 839 2896 de
847 2829 1015 2896 Hadriani
1027 2830 1344 2912 imperatorisrebus
1356 2830 1463 2913 gestie

342 2937 572 3022 Diogenianue
589 2937 735 3020 egerim),
753 2938 880 3003 Romae
896 2956 968 3003 eum
990 2942 1224 3003 commoratum
1242 2954 1316 3002 esse
1339 2942 1461 3020 putem,

343 3044 520 3129 praecipue
551 3063 621 3110 cum
646 3044 670 3108 ii
687 3049 816 3126 poetae,
851 3063 986 3124 quorum
1014 3043 1255 3125 epigrammata
1278 3049 1368 3110 certe
1394 3044 1463 3110 eius

343 3151 533 3234 anthologio
559 3151 824 3229 continebantur,
849 3170 955 3233 paene
980 3168 1092 3216 omnes
1110 3158 1169 3216 aut
1185 3151 1311 3217 Romae
1335 3151 1463 3217 oriundi

344 3265 404 3324 aut
427 3258 463 3324 in
485 3259 565 3324 urbe
588 3278 647 3340 per
670 3258 803 3341 longum
826 3263 957 3340 tempus
980 3256 1174 3324 habitantes
1198 3257 1349 3324 fuissent.

434 3471 454 3540 ¹)
474 3471 518 3526 Gli
538 3469 701 3540 epigrammi
721 3470 749 3524 di
767 3469 897 3525 Lucieno.
934 3469 1044 3525 Torino.
1067 3470 1144 3525 1892.

432 3560 454 3631 Ω)
473 3563 566 3628 γέγονε
579 3560 607 3614 in
621 3560 674 3615 den
687 3559 876 3629 Biographika
889 3560 914 3616 d.
928 3559 1002 3614 Suid.
1033 3560 1103 3615 llus,
1117 3559 1203 3614 Rhen.
1214 3557 1320 3614 XXIII.
1333 3559 1392 3614 161.
1404 3575 1462 3626 sqq.

433 3650 455 3720 ³)
473 3649 560 3704 Recte
571 3649 807 3704 Reitzensteinine
818 3649 1008 3719 („ldpigramm
1018 3648 1075 3703 und
1084 3648 1222 3704 Skolion“.
1231 3649 1319 3718 1893.)
1329 3664 1393 3717 pag.
1402 3651 1463 3703 276.

342 3738 410 3795 adn:
432 3741 454 3794 1.
475 3738 625 3805 contendit,
644 3738 781 3809 Meleagri
806 3754 933 3793 coronam
965 3737 1034 3788 κατὰ
1059 3750 1189 3802 οτοιχειον
1214 3752 1268 3791 non
1287 3736 1463 3792 distributam

344 3829 439 3884 luisse.
478 3826 618 3893 Quomodo
639 3835 731 3884 antem
750 3827 900 3882 distributa
918 3827 1005 3882 fuisse
1024 3826 1160 3894 videatur,
1180 3825 1305 3893 equidem
1325 3825 1380 3881 alio
1400 3826 1461 3881 loco

346 3933 389 3974 me
409 3918 660 3972 demonstraturum
680 3933 741 3973 esee
761 3933 848 3987 spero.

433 4006 455 4078 ⁴)
475 4005 645 4075 ἅνθολόγιον
658 4015 740 4062 *reeta
759 4008 849 4061 formu
868 4013 921 4075 esi,
939 4021 993 4060 non
1007 4003 1176 4073 oivstoioyim
1193 4005 1249 4060 ulia
1268 4004 1340 4060 enim
1361 4011 1405 4060 est
1418 4004 1466 4059 Ori

345 4101 375 4152 et
394 4096 504 4150 Orionis
523 4093 683 4163 ἀνθολογίο.
713 4095 747 4150 cl.
767 4095 888 4150 Passow.
909 4111 951 4162 op.
971 4093 1048 4147 acad.
1070 4095 1128 4149 198.
1157 4092 1274 4149 Ritechl.
1295 4110 1338 4164 op.
1357 4093 1390 4149 V.
1403 4096 1464 4150 628.

434 4186 455 4255 ὓ)
474 4184 563 4240 Schol.
583 4185 614 4240 ll.
634 4183 664 4238 Ε.
684 4186 750 4239 676:
769 4182 882 4250 ἐπιτομὴ
899 4180 1058 4247 Ἑλληνικῶν
1076 4181 1228 4249 ὀνομάτων.

436 4274 456 4345 ¹)
476 4273 569 4341 Etym.
584 4273 677 4343 liugn.
691 4275 760 4340 dai,
781 4288 834 4340 quo
853 4289 887 4327 ex
906 4273 965 4326 loeo
979 4271 1109 4327 discimus
1128 4287 1189 4328 eum
1209 4272 1337 4328 chronice
1357 4287 1465 4340 quoque

344 4360 542 4430 composuisse,
561 4362 591 4417 in
604 4362 702 4429 quibus
715 4361 850 4434 Hadriani
863 4360 1035 4432 gentilicium
1048 4377 1146 4416 nomen
1165 4358 1256 4416 Αἴλιος
1275 4375 1466 4415 commemore-

345 4451 433 4505 batur.
