3460 5218
718 525 934 583 ..53-

268 696 395 765 aetatis
417 701 535 779 poetas
559 696 602 763 ab
625 696 770 764 audacia
798 700 833 764 et
855 683 1056 764 acerbitato
1073 695 1272 764 discriminis
1300 695 1391 764 iuter

267 804 448 890 magistros
472 803 614 872 vidimus
634 803 669 870 11
685 803 809 872 Lucilii
830 804 871 871 de
886 803 1117 872 Aristarcheis
1138 804 1388 887 epigrammate.

356 911 582 980 Callimachus
604 929 647 978 no
671 910 824 977 Martiali
846 910 978 992 quidem
1001 911 1178 978 adamatus
1202 915 1288 988 erat,
1313 931 1388 979 con-

267 1018 360 1086 feras
381 1019 428 1084 X
454 1025 484 1100 4,
513 1024 568 1081 12:

357 1123 417 1192 sed
438 1142 504 1190 non
526 1124 588 1207 vis,
612 1123 792 1200 Mamurra,
820 1128 895 1190 tuos
920 1142 1119 1208 cognoscere
1141 1144 1249 1192 mores

449 1237 570 1298 necte
594 1230 695 1298 scire!
720 1231 814 1315 legas
837 1229 944 1297 Aetia
967 1229 1179 1299 Callimachir

269 1339 354 1406 adde
376 1339 436 1408 IV.
462 1343 514 1402 23.
540 1375 584 1386 -

357 1442 558 1513 Leonidae
569 1444 852 1520 Alexandrini,
869 1445 1039 1524 ἰσοψήφων
1051 1446 1210 1530 auctoris
1227 1445 1390 1530 epigram·

268 1553 560 1636 matapriusquam
570 1553 676 1620 denuo
689 1553 878 1634 quaestioni
890 1551 1093 1632 submittam,
1108 1553 1267 1620 confiteor
1277 1571 1390 1619 recen·

271 1661 435 1727 tissimum
451 1660 555 1728 Settii
569 1659 730 1727 libellum:
755 1659 814 1728 Gli
837 1659 1033 1743 epigrammi
1053 1660 1107 1727 dei
1122 1660 1272 1727 Leonida
1295 1666 1390 1726 1893.

268 1767 411 1834 nondum
433 1767 514 1834 mibi
528 1772 665 1850 praesto
682 1765 796 1849 fuisse,
821 1766 971 1848 quamvis
992 1786 1126 1849 operam
1142 1766 1301 1848 dederim;
1324 1767 1390 1834 ita·

269 1897 330 1958 que
342 1875 414 1942 fieri
425 1880 548 1959 potest,
565 1880 603 1941 ut
621 1875 726 1941 multa
744 1875 844 1940 iama
860 1874 932 1941 viro
946 1873 1043 1941 docto
1061 1875 1152 1940 Italo
1165 1875 1299 1958 prolata
1311 1875 1390 1941 sint.

359 1983 591 2067 Weigandins,
617 2001 710 2064 quem
734 1979 904 2048 Leonidae
927 1980 1150 2048 Alexandrini
1173 1981 1390 2068 epigramma·

268 2097 339 2158 tum
362 2109 514 2157 numeros
537 2093 706 2170 ἰσοψηφὶας
738 2094 929 2170 computare
960 2093 1151 2172 pertaesum
1176 2095 1239 2170 est,
1271 2089 1390 2156 Leoni·
1515 2097 1517 2108 ·

269 2198 344 2264 dam
377 2197 444 2263 alia
482 2196 649 2280 poematia
680 2196 745 2262 nisi
776 2195 917 2274 ἰσόψηφοι
951 2215 1015 2262 111
1051 2196 1225 2278 scripsisse
1256 2197 1390 2277 eiusque

270 2304 418 2371 carmina
442 2304 484 2370 ab
508 2304 579 2386 ipso
597 2302 748 2385 Cephalo
771 2310 931 2385 excerpta
955 2321 1030 2368 esse
1054 2303 1268 2370 existimavit.
1307 2303 1391 2370 Tum

269 2411 457 2478 Haenelius
480 2410 536 2496 (de
560 2409 808 2494 cognominibus
832 2409 866 2475 11
881 2410 1090 2494 Anthologia
1114 2408 1246 2476 Graeca
1270 2411 1390 2494 poetis,

269 2517 446 2601 praecipue
470 2517 511 2583 de
531 2516 688 2584 Leonidis
715 2515 827 2602 1867.)
851 2516 990 2583 traditis
1013 2516 1180 2583 lemmatis
1196 2516 1295 2583 nimis
1318 2535 1391 2583 con-

269 2625 348 2692 fisus
377 2625 548 2706 utriusque
578 2623 748 2689 Leonidae
781 2624 928 2690 carmina
957 2642 1138 2707 segregare
1167 2624 1306 2704 studuit,
1339 2624 1392 2690 oui

269 2730 490 2798 libentissime
520 2731 693 2797 Finslerus
725 2731 952 2813 adstipulatus
988 2737 1052 2797 111.
1106 2731 1234 2798 Contra
1271 2732 1391 2797 iterum

270 2838 550 2906 Stadtmuellerus
581 2837 781 2904 felicissimis
812 2837 1012 2904 coniecturis
1042 2838 1199 2904 nonnulla
1230 2838 1391 2922 epigram·

269 2952 362 3011 mata
378 2949 540 3008 Aemvldov
561 2950 756 3025 Ταραντίνου
770 2944 937 3010 lemmatis
960 2931 1140 3028 insignita,
1157 2964 1230 3012 cum
1251 2944 1391 3025 ἰσόψηφα

269 3053 466 3125 1111111111,
490 3051 720 3118 Alexandrino
751 3051 908 3117 reddidit.
956 3051 1152 3136 Quanquam
1182 3070 1234 3117 me
1264 3071 1391 3134 quoque

269 3160 368 3226 valde
398 3164 591 3242 pertaesum
614 3164 668 3224 est
696 3177 849 3225 numeros
880 3164 1080 3241 computare,
1112 3163 1227 3224 tamen
1249 3158 1390 3226 omnium

272 3267 548 3351 epigrammatum
572 3265 796 3348 ambiguorum
820 3283 982 3344 numeros,
1008 3265 1056 3331 eis
1080 3265 1210 3332 scilicet
1231 3266 1390 3352 exceptis,

271 3392 356 3452 quae
379 3391 438 3455 pro
463 3377 555 3439 certo
572 3371 748 3438 Tarentini
772 3372 916 3455 genuina
940 3391 1013 3438 1111
1037 3377 1073 3437 11
1096 3373 1188 3438 11111
1211 3371 1300 3438 11111
1322 3374 1390 3438 Μ1·

272 3480 423 3563 leegreos
431 3485 551 3563 poetas
559 3484 595 3545 et
603 3484 679 3545 tota
689 3479 870 3545 carminum
878 3479 1006 3545 indoles
1020 3483 1179 3560 testatur,
1191 3479 1389 3561 computavi.

271 3585 474 3652 Tarentinus
490 3586 577 3652 euim
594 3586 652 3652 ilie
667 3586 846 3667 Leonidas
863 3605 937 3652 mea
953 3585 1084 3668 quidem
1100 3587 1279 3668 sententia,
1296 3605 1391 3669 prae·

276 3691 481 3759 clarissimus
505 3693 656 3776 omnium,
681 3712 815 3774 quorum
838 3698 976 3759 exstant
999 3693 1203 3777 fragmenta,
1228 3693 1391 3777 epigram·

272 3800 563 3883 matographorum
586 3807 687 3882 poeta
702 3801 1050 3884 ingeniosissimusque
1074 3806 1137 3883 est,
1162 3820 1258 3881 quem
1280 3800 1390 3877 facilc,

272 3905 463 3971 accuratius
487 3905 516 3970 si
539 3907 757 3989 perspexeris,
784 3925 805 3972 a
826 3906 1063 3990 versificatore,
1088 3908 1134 3973 sit
1157 3908 1257 3974 venia
1279 3909 1391 3986 verbo,

271 4012 500 4079 Alexandrino
532 4012 709 4079 discernes.
755 4013 868 4096 Igitur
896 4013 1198 4095 computationibus
1230 4013 1392 4081 confectis

271 4120 355 4184 baec
371 4117 519 4184 carmina
534 4118 656 4202 inveni,
681 4138 765 4201 quae
787 4121 829 4186 ab
846 4120 1071 4186 Alexandrino
1088 4120 1237 4187 Leonida
1253 4121 1392 4188 oriunda

271 4243 346 4291 esse
370 4230 517 4292 constat:

359 4331 422 4402 VI.
448 4336 643 4395 321-329.
668 4349 754 4413 quae
786 4331 910 4398 iamin
935 4331 1138 4416 anthologiis
1169 4336 1391 4398 1111111111

270 4435 495 4519 Ἀὴξανδρέως
526 4436 667 4518 [cicccc
697 4437 828 4506 tradita
858 4443 945 4506 sunt.
1000 4437 1145 4506 Servata
1176 4444 1254 4505 sunt
1285 4439 1319 4506 in
1351 4458 1392 4505 ea
