3460 5218
715 465 931 523 ..33-

356 642 428 700 178.
475 636 596 709 Totum
619 636 823 721 epigramma
846 637 1047 722 perstringit
1070 640 1296 709 Anacreontis
1318 642 1385 710 IX.

266 749 339 808 715.
363 742 403 809 de
427 760 533 826 vacca
555 743 714 827 Myronis.

355 871 426 935 179.
449 868 557 935 simile
581 872 634 935 est
657 867 870 952 Asclepiadis
893 870 980 936 XII.
1008 876 1059 934 75.
1085 871 1126 939 de
1148 872 1282 939 Amore.

354 997 460 1070 183,5.
507 989 541 1067 ὃς
564 992 592 1056 δ’
617 989 705 1078 ἄλλῳ
728 993 808 1057 κακὰ
831 994 944 1072 τεύχει,
969 994 1012 1079 ἑῷ
1035 994 1134 1060 κακὸν
1157 993 1251 1077 ἥπατι
1274 997 1382 1076 τεύχει,

262 1116 377 1166 versus
401 1104 454 1166 est
477 1098 676 1167 Callimachi
698 1099 817 1184 fragm.
844 1107 917 1164 222.
943 1101 1097 1170 Schneid.

351 1230 459 1306 400,5.
498 1229 549 1288 καὶ
572 1223 631 1305 γὰρ
654 1233 713 1289 σοῦ
733 1231 841 1301 μεσταὶ
864 1229 922 1300 μὲν
945 1223 1024 1302 ὁδοὶ,
1047 1225 1142 1308 μεστὴ
1166 1231 1199 1292 (le
1220 1227 1381 1302 θάλασσαΙ

261 1335 310 1393 καὶ
340 1333 466 1407 λιμένες.
523 1331 586 1398 Oui
620 1351 685 1399 non
720 1333 756 1399 in
793 1339 938 1400 mentem
967 1333 1062 1402 venit
1092 1335 1196 1402 Arati
1230 1353 1384 1403 versuum

259 1438 386 1506 Phaen.
412 1444 442 1503 2.
456 1427 526 1520 sqq.

349 1568 455 1638 μεσταὶ
468 1567 501 1628 δὲ
512 1561 583 1638 Διὸς
597 1571 690 1627 πᾶσαι
701 1567 759 1640 μὲν
771 1563 884 1644 ἀγυιαὶ,
901 1563 903 1652 l
921 1572 1017 1628 πᾶσαι
1033 1562 1249 1645 δ’ἀνθρώπων
1261 1563 1382 1648 ἀγοραὶ,

260 1667 354 1751 μεστὴ
377 1673 411 1733 oa
433 1670 579 1734 θάλασσα
601 1675 651 1734 καὶ
675 1673 801 1747 λιμένες.

348 1797 447 1862 Haec
477 1795 548 1862 iere
579 1801 658 1864 sunt
689 1796 858 1879 exempla,
890 1815 977 1878 quae
1008 1796 1050 1864 de
1079 1796 1202 1864 Lucilii
1232 1797 1383 1866 versibus

259 1903 425 1986 parodicis
449 1907 547 1970 erant
571 1903 763 1970 adferenda.

349 2010 423 2076 Iam
446 2029 518 2076 cum
542 2009 586 2076 ad
610 2017 793 2078 extremam
816 2015 986 2093 troporum
1009 2009 1158 2094 figuram,
1193 2011 1236 2077 ad
1265 2013 1383 2095 hyper·

260 2117 378 2194 bolem,
410 2115 668 2199 pervenerimus,
700 2121 803 2184 antea
825 2135 1030 2183 moneamus:
1063 2135 1251 2198 quanquam
1278 2119 1383 2185 etiam

259 2224 385 2306 priores
401 2229 533 2307 poetae,
557 2223 735 2307 praecipue
752 2223 877 2300 comici,
901 2223 1069 2291 interdum
1085 2225 1300 2309 hyperbolam
1324 2225 1381 2292 ad·

259 2331 430 2413 miseruut,
462 2337 578 2398 tamen
600 2337 708 2399 totum
731 2351 835 2416 genus
863 2350 1002 2414 poeseos
1032 2332 1269 2415 hyperbolicae
1299 2338 1382 2399 ante

259 2437 423 2505 Lucilium
454 2457 520 2505 non
548 2439 698 2507 inveniri.
747 2438 936 2520 Perquisivi
967 2439 1077 2504 omnia
1107 2439 1178 2505 iere
1209 2457 1295 2520 quae
1326 2458 1381 2506 ex-

259 2552 354 2612 stant
381 2546 576 2613 comicorum
603 2545 812 2630 fragmenta,
849 2545 1087 2629 sillographos,
1125 2545 1381 2630 epigrammato-

258 2653 413 2736 graphos,
447 2653 503 2734 qni
534 2657 615 2719 ante
646 2652 809 2719 Lucilium
840 2651 985 2736 fuelunt,
1017 2651 1252 2735 inscriptiones
1283 2653 1380 2718 Pom·

258 2759 398 2842 peianas
435 2759 692 2842 periermenias,
731 2759 813 2826 nihil
851 2759 980 2838 inveni,
1020 2759 1107 2840 quod
1144 2758 1251 2825 simile
1290 2767 1381 2826 essct

258 2866 454 2933 Lucilianae
491 2868 592 2949 poesi.
653 2867 775 2947 Itaque
805 2865 969 2932 Lucilium
1001 2901 1039 2914 -
1073 2885 1150 2932 nam
1185 2884 1258 2932 eum
1293 2865 1380 2933 anti·

259 2973 446 3054 quissimum
463 2973 765 3057 Diogenianeorum
788 2980 961 3056 poetarum
978 2991 1052 3040 esse
1072 2973 1146 3055 ipsa
1170 2973 1239 3040 eius
1263 2977 1381 3039 aetate

260 3080 468 3148 convincitur
498 3119 539 3128 —
571 3099 676 3166 genus
706 3099 843 3164 poeseos
874 3080 1053 3162 scopticae,
1085 3086 1121 3146 et
1147 3079 1381 3164 hyperbolicae

258 3186 397 3267 quidem,
421 3187 560 3270 primum
582 3194 737 3254 tentasse
757 3193 849 3270 puto,
873 3188 1030 3269 laudique
1054 3187 1085 3253 ei
1109 3205 1191 3253 sane
1214 3192 1278 3265 est,
1302 3187 1381 3253 novi

258 3293 383 3376 aliquid
401 3293 578 3376 invenisse,
596 3295 682 3377 quod
696 3295 748 3361 ita
763 3295 950 3378 perplacuit
966 3294 1244 3375 subsequentibus
1258 3293 1377 3376 poetis,

257 3407 295 3467 ut
329 3420 426 3482 quam
461 3401 646 3479 artissime,
688 3401 802 3468 fideles
837 3409 998 3483 tanquam
1032 3400 1221 3483 pedisequi,
1257 3399 1379 3467 Lucilii

257 3507 402 3591 vestigia
425 3507 687 3591 insequerentur.
727 3508 780 3575 Ne
797 3508 884 3590 apud
899 3510 1067 3575 Romanos
1091 3507 1231 3590 quidem,
1257 3525 1278 3572 a
1300 3525 1378 3588 quo·

256 3633 327 3680 rum
355 3614 487 3698 ingenio
518 3616 602 3682 haec
627 3615 819 3682 ludificandi
848 3614 937 3681 ratio
969 3614 1057 3681 haud
1088 3620 1141 3680 est
1170 3613 1290 3690 aliena,
1322 3631 1377 3679 ex·

257 3720 365 3803 empla
376 3722 609 3804 hyperbolicae
625 3741 762 3805 poeseos
773 3721 897 3804 inveni,
915 3721 1065 3805 exceptis
1081 3721 1248 3788 interdum
1262 3719 1377 3802 paucis

256 3826 387 3905 Lucilii,
412 3827 548 3910 Catulli,
575 3829 799 3912 Priapeorum.
832 3828 971 3894 Horatii
993 3828 1155 3908 versibus,
1185 3827 1241 3908 qui
1263 3832 1377 3893 tamen

256 3933 486 4018 eOynicorum
512 3935 647 4018 scriptis
672 3937 734 4002 hac
757 3936 791 4002 in
806 3954 843 4002 re
867 3935 1001 4002 haurire
1023 3953 1089 4001 non
1112 3933 1232 4018 potuit.

344 4041 523 4111 Variarum
554 4043 806 4127 hyperbolarum
839 4042 989 4109 rationes
1027 4040 1114 4123 apud
1144 4039 1307 4106 Lucilium
1338 4045 1376 4106 ut

256 4147 418 4232 colligam,
443 4148 477 4214 in
502 4156 670 4230 quattuor,
697 4168 782 4232 quae
806 4149 1049 4232 discernuntur,
1075 4147 1201 4232 species
1225 4147 1376 4229 exempla

255 4253 437 4338 disponam.

347 4383 377 4463 1)
401 4381 582 4465 hyperbole
600 4380 743 4448 efficitur
761 4382 829 4448 solo
848 4380 1076 4464 comparativo
1093 4384 1153 4447 aut
1168 4376 1374 4462 superlativo

1177 4504 1194 4556 a
