3460 5218
724 528 944 588 ,35-

278 700 388 784 Saepe
409 701 495 768 haec
517 701 699 786 hyperbole
723 720 797 768 cum
822 702 1043 768 antecedente
1059 701 1235 769 coniuncta
1251 705 1319 770 est:
1346 709 1396 769 88.

278 814 350 874 103.
378 813 450 873 103.
477 811 550 872 104.
578 813 650 874 107.
679 815 749 873 116.
777 813 849 873 131.
878 814 949 873 143.
978 815 1050 872 186.
1077 814 1151 873 392.
1176 813 1251 876 404.

364 913 654 998 Comparationum
679 912 887 994 (ὁμοιώσεων)
916 915 1068 998 exempla
1097 915 1204 982 multa
1230 916 1395 999 reperiun-

275 1025 345 1097 tur;
370 1022 430 1089 sed
446 1021 513 1087 alia
529 1040 594 1088 non
613 1028 700 1102 sunt,
721 1022 787 1087 nisi
804 1041 888 1102 quae
905 1023 1007 1088 etiam
1024 1015 1111 1105 apud
1131 1027 1262 1089 ceteros
1276 1029 1395 1106 poetas

273 1128 378 1211 legas.
425 1130 625 1195 Parabolam
650 1129 737 1211 apud
760 1128 923 1196 Lucilium
947 1147 1013 1195 non
1034 1128 1118 1206 vidi,
1147 1129 1310 1213 imagines
1333 1131 1395 1196 has

275 1240 423 1301 tantum:
444 1241 516 1299 136.
531 1239 566 1302 et
580 1240 670 1317 3974
687 1235 865 1317 pleraeque
876 1236 1141 1318 comparationes
1157 1235 1229 1302 sola
1245 1236 1394 1319 exempla

273 1346 365 1423 sunt,
398 1342 469 1409 sive
498 1341 666 1424 particula
698 1339 742 1416 ὡς
773 1342 844 1408 sine
874 1341 1019 1409 relativo
1049 1341 1240 1424 pronomine
1272 1344 1393 1424 (207‚r.
1425 1349 1431 1358 ·
1469 1391 1471 1398 .

274 1441 334 1512 ὅσα
356 1451 447 1513 πέντε
470 1448 574 1536 λύκοι)
599 1450 670 1517 sive
695 1449 771 1515 aliis
800 1450 1081 1532 comparationum
1108 1449 1213 1516 modis
1236 1451 1394 1517 incohata

272 1561 392 1638 (aaut.
418 1561 554 1638 Χίμαιρα
578 1592 619 1604 -
645 1553 663 1637 ἡ
686 1553 758 1619 καθ’
780 1552 927 1636 Ὅμηρον.
975 1561 1087 1634 25341
1113 1555 1231 1637 Νιόβης
1253 1555 1393 1632 ἒμπνοον

273 1659 480 1748 ἀρχέτυπον.)

362 1769 456 1835 Bene
479 1768 627 1836 Lucilius
649 1769 762 1836 verbis
785 1769 949 1836 interdum
973 1770 1068 1848 lusit;
1102 1769 1215 1838 inveni
1242 1772 1393 1854 exempla

272 1878 356 1943 haec
379 1877 464 1943 satia
487 1875 616 1943 faceta:

363 1990 453 2060 693:
479 1990 592 2061 γίνεται
615 1985 759 2064 ἐξαπίνης
782 1981 821 2047 οὐ
845 1987 909 2060 νέα,
934 1982 1013 2048 ἀλλὰ
1035 1983 1114 2053 Ῥέα.

364 2096 477 2167 153,r:
501 2091 601 2157 Iocus
624 2091 714 2157 inter
737 2092 873 2168 Κυνικός
901 2098 937 2158 et
960 2093 1056 2168 κύων,
1081 2092 1162 2158 item
1189 2098 1284 2167 1or‚4
1307 2114 1392 2173 πρω-

272 2196 407 2274 τοκίον,
432 2197 629 2265 tritissimus
654 2205 717 2266 est.

363 2310 475 2388 rute:
501 2305 542 2370 de
564 2305 705 2371 furibus:
731 2302 835 2368 οάκέτι
858 2310 906 2368 σοί
929 2314 1045 2386 χειρῶν
1067 2310 1109 2381 είς
1131 2306 1197 2386 ἔριν
1224 2307 1391 2387 ἐρχόμεθα.

362 2417 434 2475 197.
460 2408 575 2475 Ἤθελε
599 2416 759 2475 ΔΡΙΜῩΣ
781 2409 861 2490 dyo»
884 2411 921 2475 τὸ
943 2412 1058 2491 πρόσθ’
1088 2410 1275 2494 Ἱερώνυμος
1305 2414 1391 2489 εἶναι,

448 2522 508 2582 νῦν
524 2523 556 2582 δὲ
576 2519 615 2583 τὸ
635 2524 706 2583 ΔΡΙ
722 2523 780 2595 μὲν
798 2519 868 2597 ἔχει,
888 2525 976 2584 on
998 2523 1031 2583 dd
1051 2518 1089 2583 τὸ
1109 2527 1202 2583 Mra
1221 2523 1357 2599 γέγονεν,

272 2625 357 2707 quod
382 2625 586 2709 epigramma
610 2625 753 2692 conferri
774 2618 887 2708 potest
912 2646 983 2693 cum
1007 2632 1077 2692 182.
1098 2625 1291 2711 (Dionysii),
1316 2634 1391 2694 222.

269 2727 482 2818 (ἀδέσποτον),
508 2738 583 2797 260.
608 2730 763 2816 (ἄθηλον),
789 2737 863 2798 337.
888 2739 923 2800 et
948 2737 1021 2800 338.
1046 2730 1238 2819 (ἀδέσποτα).

360 2845 436 2904 214.
467 2846 568 2922 poeta
598 2840 728 2907 adludit
752 2841 795 2906 ad
822 2841 905 2906 duas
936 2840 1092 2909 vocabuli
1114 2837 1200 2918 ἄξιος
1228 2841 1390 2908 notiones.

362 2951 470 3028 314,3.
495 2945 757 3013 luculentissime
780 2947 842 3013 hoc
857 2946 1098 3030 epigrammate
1121 2949 1353 3031 comprobatur
1368 2973 1392 3013 ει

270 3053 400 3119 Romae
423 3052 673 3135 pronuntiatum
699 3071 773 3119 esse
797 3060 835 3119 ut
859 3078 869 3114 ι
893 3053 1065 3120 litterula:

360 3164 464 3240 πείνης
487 3157 548 3244 γάρ
569 3158 704 3238 μεγάλης
725 3158 880 3237 μεγάλους
901 3165 1032 3235 πίνακας
1053 3161 1241 3242 παρέθηκας.

360 3271 491 3342 3115,1.
518 3272 547 3329 2.
572 3266 775 3334 iocosissime
799 3266 947 3334 interae
971 3272 1192 3350 opponuntur:

449 3374 559 3436 εἴσιδεν
574 3368 733 3451 Ἀντίοχος
748 3374 806 3454 τήν
820 3373 1004 3452 Λυσιμάχου
1026 3377 1101 3437 ποτε
1117 3374 1224 3454 τύλην,
1244 3371 1247 3462 Ι
1267 3373 1391 3438 κούκέτι

269 3476 328 3558 την
350 3478 450 3559 τίλην
472 3481 563 3542 εἴσιδε
586 3485 773 3558 Λυσίμαχος.

360 3591 467 3663 408,4.
494 3583 573 3649 ὥστε
596 3603 808 3666 προσωπεῖον,
833 3587 925 3666 κούχὶ
945 3587 1120 3668 πρόσωπον
1136 3588 1225 3666 ἔχειν.
1272 3589 1314 3654 In
1334 3607 1390 3654 110·

270 3692 411 3759 minibus
426 3693 513 3760 belle
530 3695 610 3760 lusit
626 3694 791 3761 Lucilius:
810 3700 884 3770 210,
903 3703 931 3757 o.
949 3701 985 3760 et
1003 3701 1032 3758 c.
1050 3694 1091 3761 de
1106 3695 1229 3780 ignavo
1245 3695 1389 3761 homine:

363 3797 472 3864 odota
500 3800 528 3864 δ’
558 3797 597 3864 οὐ
625 3805 793 3877 Πολέμωνι
828 3804 1046 3882 προσέρχεται,
1076 3801 1116 3865 οὐ
1146 3805 1388 3883 Στρατοκλείὸη,

447 3904 527 3970 άλλά
549 3914 632 3992 φίλῳ
655 3912 767 3988 χρῆται
789 3909 923 3972 πάντοτε
944 3907 1126 3990 Λυσιμάχῳ.

356 4013 482 4079 Dorica
511 4014 656 4081 dialecto
685 4034 763 4082 usus
792 4021 845 4082 est
867 4015 1016 4083 Lucilius
1050 4021 1164 4094 174,1,
1197 4035 1259 4098 quo
1289 4035 1389 4083 versu

268 4118 488 4202 Antipatrum
518 4120 685 4189 Sidonium
719 4122 893 4199 decantat,
925 4121 980 4204 qni
1011 4121 1124 4188 domae
1156 4121 1290 4205 scripsit
1321 4122 1388 4188 dia·

268 4225 400 4306 lecto¹)‚
425 4230 496 4292 tum
521 4232 595 4291 176.
624 4233 716 4312 177,1
743 4235 778 4295 et
805 4234 876 4293 178.

360 4437 382 4507 ¹)
402 4435 483 4505 Secti,
503 4435 549 4492 Gli
568 4438 656 4510 epigr.
676 4437 752 4510 degli
771 4437 921 4509 Antipatri.
959 4437 1037 4494 1890.
1056 4455 1121 4510 pag.
1141 4439 1183 4496 78.
1203 4455 1262 4508 sqq.

1193 4545 1226 4601 3*
