3460 5218
811 535 1033 597 ..68-

444 711 591 778 Deinde:
616 717 668 777 25.
692 711 891 779 Philodami:
908 703 1037 810 ἕσσακι.

446 824 499 883 30.
523 817 702 900 Antipatri
725 817 1048 886 Thessalonicensis:
1071 817 1187 916 Ξάντα.

445 931 497 990 31.
523 925 682 992 eiusdem:
701 923 850 1023 gratiosos.

446 1037 497 1098 33.
522 1032 768 1099 Parmenionis:
783 1033 832 1128 gg.

446 1143 498 1206 04.
524 1138 684 1205 eiusdem:
710 1137 728 1202 ὁ
752 1137 838 1213 Ζεύς.

444 1248 499 1312 40.
523 1225 730 1312 Philodami?
739 1259 848 1344 gatos.

444 1349 602 1434 Adparet
618 1351 723 1436 igitur
738 1351 921 1434 Cephalam
937 1352 972 1418 in
986 1353 1220 1437 Diogenianea
1236 1353 1481 1438 epigrammata

354 1458 589 1542 alphabeticos
613 1459 822 1543 Philippicae
846 1478 988 1526 coronae
1012 1460 1144 1528 ordines
1167 1461 1292 1544 passim
1315 1460 1480 1528 intulisse.

442 1584 486 1653 V.
513 1590 666 1650 tib-62.
690 1585 813 1668 Rufini,
839 1590 911 1652 tum
936 1592 1086 1651 66.-70.
1110 1586 1216 1652 babes
1231 1585 1386 1654 Rufinum
1411 1589 1479 1672 (67.

354 1690 563 1773 Capitonem,
602 1697 652 1754 68.
687 1690 902 1778 Lucilium?)‚
946 1697 995 1759 71.
1028 1697 1063 1758 et
1097 1697 1147 1762 72.
1187 1698 1282 1758 recte
1315 1691 1481 1758 Palladae

353 1798 584 1865 Alexandrino
620 1797 744 1864 dantur
783 1796 850 1863 iarn
880 1797 915 1864 in
950 1797 1118 1868 lemmate.
1175 1802 1322 1864 73.-76.
1358 1797 1481 1865 iterum

353 1904 481 1988 Rufini,
522 1910 676 1969 87.-94.
712 1903 825 1970 Rufini
861 1903 1178 1988 interrumpentibus
1211 1905 1319 1972 Marci
1349 1905 1480 1988 Argen·

354 2012 436 2079 terii
460 2017 495 2078 et
511 2011 650 2078 incertis
673 2013 793 2093 (nonne
809 2029 827 2076 e
843 2011 991 2093 Philippi
1005 2011 1167 2096 florilegio
1174 2011 1202 2094 P)
1225 2009 1304 2074 κατὰ
1324 2025 1481 2090 στοιχεῖον

353 2119 603 2202 incipientibus;
630 2118 733 2185 etiam
749 2117 861 2183 Rufini
883 2117 962 2180 κατὰ
990 2133 1147 2195 στοιχεῖον
1171 2117 1320 2200 seposita
1343 2136 1479 2185 cernas:

354 2232 406 2290 87.
432 2222 584 2306 &positam
609 2230 679 2292 tum
705 2231 755 2289 88.
779 2229 814 2288 el.
842 2231 893 2288 92.
918 2221 1069 2302 ὑψοῦται.
1096 2230 1146 2289 93.
1173 2221 1340 2300 ὥπλισμαι.
1363 2263 1406 2274 -
1429 2231 1480 2290 97.

354 2337 390 2399 et
417 2311 488 2399 103.
513 2333 654 2414 denique
676 2311 900 2399 Rufinisunt.
915 2311 943 2323 “
1166 2311 1194 2323 “

445 2457 572 2543 Quibus
603 2457 818 2540 perlustratis
847 2475 943 2538 spero
976 2463 1012 2523 te
1041 2477 1167 2524 mecum
1199 2457 1366 2524 facturum
1394 2475 1478 2532 esse,

353 2565 408 2648 qui
456 2566 618 2632 contendo
668 2564 817 2632 Rufini
863 2564 1173 2649 epigrammata
1223 2563 1480 2648 Diogeniani

354 2673 593 2756 anthologio
640 2671 919 2738 adscribenda
964 2690 1061 2738 esse.
1126 2671 1192 2739 Sefi
1237 2691 1338 2739 unum
1376 2671 1479 2737 etiam

355 2779 546 2846 accuratius
570 2798 731 2860 quaerere
745 2778 836 2860 licet,
860 2785 972 2845 utrum
993 2778 1098 2861 primo
1122 2798 1166 2845 an
1190 2778 1333 2845 secundo
1356 2777 1480 2846 vixerit

353 2887 494 2952 Rufinus
517 2887 661 2952 saeculo.

444 3009 639 3077 Stratonem
672 3010 842 3076 Hadriani
871 3009 1084 3092 imperatoris
1115 3010 1319 3092 temporibus
1353 3008 1480 3077 vixisse

353 3137 454 3202 supra
478 3118 657 3184 docuimus.
704 3118 797 3184 Ante
820 3117 916 3183 illurn
936 3117 1074 3184 Rufinus
1097 3117 1221 3185 vixerit
1252 3135 1390 3183 necesse
1414 3121 1478 3193 est,

354 3245 427 3292 cum
466 3225 686 3292 certissimum
733 3224 778 3290 sit
817 3225 1020 3308 epigramma
1065 3224 1152 3290 XII.
1194 3229 1267 3290 200.
1308 3221 1479 3290 Stratonis

352 3333 489 3400 finxisse
509 3352 551 3398 ex
566 3332 679 3398 Rufini
692 3332 734 3399 V.
752 3337 804 3396 42.
828 3331 1002 3414 Inspicias
1010 3331 1111 3399 velim
1134 3331 1196 3397 duo
1222 3331 1477 3414 epigrammata,

353 3440 465 3507 Rufini
488 3439 735 3509 brevissimum:

528 3566 611 3640 μισῶ
635 3561 692 3643 τὴν
715 3561 928 3643 ἀφιλῆ,μισῶ
951 3560 1009 3643 τὴν
1031 3562 1182 3643 σώφρονα
1206 3568 1297 3625 λίαν·

584 3669 602 3752 ἡ
624 3675 682 3747 μὲν
706 3670 766 3751 γὰρ
788 3667 981 3751 βραδέως,ἡ
1005 3673 1039 3732 δὲ
1062 3671 1145 3732 θέλει
1169 3671 1290 3747 ταχέως
1340 3655 1343 3658 ’

354 3803 389 3863 et
414 3795 586 3864 Stratonis
611 3795 856 3878 amplificatum,
881 3801 920 3862 ut
943 3793 1121 3861 sectatoris
1146 3799 1199 3860 est
1222 3812 1293 3860 mos
1322 3793 1478 3880 (exempli

354 3902 467 3986 gratia
494 3902 655 3968 Nicarchi
686 3901 944 3986 epigrammata,
973 3899 1090 3983 quibus
1119 3899 1284 3967 Lucilium
1313 3899 1475 3975 imitatur,

354 4010 464 4076 omnia
486 4009 637 4093 longiora
662 4015 739 4075 sunt
762 4006 943 4092 fontibus):

442 4138 525 4210 μισῶ
549 4138 778 4215 δυσπερίληπτα
803 4133 959 4214 φιλήματα
982 4137 1034 4195 καὶ
1056 4131 1245 4210 μαχιμώδεις

415 4263 418 4270 ’
487 4242 597 4319 φωνὰς
619 4247 670 4304 καὶ
693 4240 850 4321 σθενάρην
873 4243 906 4303 ἐκ
929 4237 1022 4320 χερὸς
1045 4236 1223 4302 ἀντίθεσιν·

443 4355 494 4413 καὶ
516 4347 579 4430 μὴν
602 4354 652 4412 καὶ
676 4349 753 4425 τὸν,
768 4342 814 4412 ὅτ’
839 4350 922 4410 ἐστὶν
943 4348 978 4410 ἐν
1001 4343 1244 4425 indomabili
1266 4347 1413 4422 Silesva,

487 4462 538 4519 καὶ
560 4458 739 4537 παρέχοντα
761 4455 884 4540 χύδην,
898 4452 938 4519 οὐ
960 4453 1045 4518 πάνυ
1068 4452 1107 4534 δι’]
1130 4477 1158 4515 τι
1181 4455 1289 4517 θέλω·
