3460 5218
848 515 1068 574 ..22-

397 685 465 752 XI.
510 690 581 752 140.
622 686 837 754 acerbissime
872 687 1069 754 Homericos
1108 693 1144 756 et
1177 687 1417 757 Aristarcheos
1449 709 1517 773 per·

399 793 551 878 stringit=

488 899 611 976 τούτοις
634 898 672 980 dr'p
696 899 781 980 παρὰ
804 905 936 964 δεῖπνον
962 900 1172 980 ἀοιδομὰχοις,
1197 904 1409 982 λογολέσχαις,

553 1023 622 1086 τοῖς
645 1004 697 1072 ἀπ’
723 1005 922 1086 Ἀριστάρχου
945 1014 1279 1091 γραμματολικριφίσιν
1295 1057 1393 1075 .....

486 1114 642 1199 Apparet
657 1113 762 1199 igitur
778 1133 851 1180 enm
868 1113 1129 1182 Oallhnacheum
1145 1115 1256 1183 fuisse.
1289 1116 1357 1184 Sed
1370 1117 1519 1185 videmus

398 1241 441 1290 ex
463 1224 524 1290 hoc
547 1223 803 1307 epigrammate,
836 1241 901 1303 qua
924 1221 1136 1290 vehementia
1164 1223 1255 1290 hisce
1288 1242 1417 1306 qnoque
1440 1230 1521 1291 tem·

398 1330 531 1412 poribus
555 1335 721 1397 certatum
746 1329 793 1395 sit
817 1329 907 1394 inter
930 1330 1179 1412 grammaticos.

491 1436 635 1504 Accedit
658 1436 742 1517 quod
772 1435 806 1501 in
830 1434 958 1502 deliciis
981 1437 1085 1502 habet
1108 1437 1279 1510 Lucillius,
1309 1456 1427 1505 versus
1452 1437 1522 1504 Ho-

402 1543 541 1609 mericos
568 1543 725 1623 parodice
749 1543 955 1623 detorquere,
985 1542 1019 1608 id
1042 1543 1128 1623 quod
1150 1543 1337 1610 rectissime
1359 1544 1523 1628 Engelius

399 1649 466 1716 iam
481 1649 651 1732 perspexit
668 1653 703 1716 et
719 1667 780 1733 ego
804 1649 935 1730 quidem
959 1649 1024 1715 alio
1050 1650 1120 1715 loco
1145 1669 1326 1734 coarguere
1350 1670 1401 1718 me
1424 1669 1524 1734 posse

401 1773 506 1838 spero.

490 1863 573 1928 Eum
590 1863 775 1928 Romanum
791 1861 894 1927 fuisse
918 1862 1020 1928 etiarn
1045 1863 1191 1929 carmine
1216 1870 1322 1946 255,6.
1339 1864 1523 1932 evincitur:

488 1967 651 2045 Ῥωμαίοις
673 1965 700 2032 d'
727 1965 828 2043 οὐδεὶς
851 1967 931 2049 πρὸς
955 1969 1107 2050 γεράνους
1130 1970 1276 2045 πόλεμος.

488 2075 596 2142 Rufus
628 2076 865 2159 grammaticus
897 2076 985 2142 sitne
1018 2077 1104 2142 idem
1133 2083 1234 2158 atque
1263 2077 1308 2158 is,
1341 2078 1397 2158 qui
1421 2080 1523 2145 010-

399 2183 641 2267 1000101)οῙιο
665 2201 735 2249 oum
761 2182 837 2248 aliis
859 2182 1107 2266 perstringitur,
1133 2184 1282 2265 equidem
1306 2185 1428 2251 nescio.

490 2290 653 2375 Quoniam
684 2307 769 2369 quae
803 2307 843 2354 ex
875 2288 1126 2372 epigrammatis
1158 2291 1235 2356 elici
1265 2297 1433 2373 poterant,
1466 2312 1523 2358 ex·

402 2398 596 2480 carpsimus,
628 2414 823 2477 quaeremus
850 2395 1041 2476 Lucillium,
1073 2397 1129 2477 qui
1161 2403 1278 2464 auctor
1308 2399 1423 2463 horum
1455 2399 1522 2481 epi·

402 2511 623 2588 grammatum
654 2521 728 2568 esse
758 2508 881 2585 potest.
932 2503 986 2569 Ac
1015 2503 1205 2585 priusquam
1237 2523 1292 2582 ea,
1324 2523 1409 2585 quae
1438 2504 1522 2572 Otto

402 2609 611 2696 Rossbach2)
635 2609 802 2688 disseruit,
833 2610 991 2694 legeram,
1017 2609 1084 2676 iam
1109 2611 1304 2677 anteamihi
1324 2611 1523 2677 1001001010

401 2724 541 2785 venerat
565 2717 602 2784 Ο.
626 2716 745 2783 Lucilii
769 2715 923 2797 10010110,
950 2717 988 2782 L.
1012 2715 1145 2783 Annaei
1166 2717 1314 2784 Senecae
1336 2718 1521 2801 philosophi

402 2825 603 2900 amicissimi,
637 2825 680 2890 ad
708 2843 802 2906 quem
831 2824 887 2889 1110
917 2824 1052 2907 scripsit
1076 2825 1291 2907 Dialogorum
1312 2825 1431 2891 librum
1456 2825 1521 2908 pri·

402 2951 498 3007 mum,
522 2931 737 2998 Naturalium
766 2931 1004 3014 Quaestionum
1029 2932 1131 2997 libros
1159 2933 1367 3012 moralesque
1398 2932 1521 3014 epistu-

402 3040 461 3105 las.
509 3038 609 3105 Cuius
636 3039 742 3106 vitam
775 3038 803 3103 si
836 3056 907 3102 cum
940 3037 1300 3121 epigrammatographi
1330 3039 1406 3104 vita
1438 3056 1521 3103 oom-

402 3145 640 3228 paraverimuS,
673 3144 781 3210 omnia
804 3143 895 3210 inter
919 3163 953 3209 00
979 3163 1159 3228 congruere
1186 3145 1401 3211 inveniemus.
1449 3142 1522 3209 Ori·

402 3254 508 3320 undus
528 3258 603 3318 erat
629 3251 775 3319 Senecae
799 3250 924 3317 amicus
945 3251 1111 3333 Pompeiis
1136 3255 1195 3316 001
1210 3250 1368 3333 Neapoli;
1394 3251 1522 3318 Seneca

402 3368 486 3426 natu
509 3359 665 3424 minorem
697 3357 802 3424 fnisse
834 3363 983 3425 testatur
1007 3378 1055 3440 ep.
1081 3364 1171 3433 26,7;
1203 3357 1290 3422 idern
1320 3358 1522 3441 ignobilibus

405 3467 470 3532 init
493 3466 664 3533 natalibus
689 3464 752 3550 (ep.
779 3463 892 3550 44,1.).
939 3466 991 3531 De
1023 3485 1083 3531 sna
1107 3467 1281 3531 iuventute
1312 3465 1391 3531 audi
1416 3465 1522 3547 ipsum

403 3573 577 3640 Irucillium
607 3572 694 3654 apud
718 3573 895 3640 Senecam:
924 3573 1007 3638 Nat.
1033 3591 1085 3653 qu.
1109 3573 1170 3638 IV.
1193 3570 1299 3653 praei.
1328 3579 1377 3635 14.
1424 3573 1523 3638 Post·

403 3698 500 3761 quam
529 3699 602 3746 eum
624 3675 671 3745 ‘in
702 3679 844 3745 medinm
876 3679 1017 3761 protulit
1040 3679 1166 3762 ingenii
1189 3678 1293 3762 vigor,
1326 3679 1523 3761 scriptorum

404 3787 585 3869 elegantia,
610 3786 723 3852 clarae
747 3792 782 3852 et
805 3786 933 3853 nobiles
955 3785 1136 3867 amicitiae,
1162 3786 1244 3852 adeo
1266 3793 1305 3853 ut
1328 3786 1437 3852 latere
1458 3804 1523 3852 non

403 3893 527 3976 posset’
564 3894 636 3976 (Ep.
672 3899 722 3970 19,
738 3899 765 3960 3.
780 3892 834 3979 4.),
868 3899 903 3962 01
934 3898 1109 3976 postquam
1140 3889 1315 3959 ‘natalium
1348 3893 1523 3977 angustias

404 4002 573 4067 eluctatus
597 3999 659 4066 est'
684 4001 730 4082 (N
759 4020 810 4081 qu.
831 4001 892 4069 IV.
914 4021 961 4083 pr.
987 4003 1062 4082 15.)‚
1092 4020 1112 4065 a
1135 4000 1268 4066 Nerone
1292 3999 1523 4083 procuratione

405 4107 540 4176 Siciliae
571 4113 709 4172 ornatus
740 4114 775 4173 et
800 4125 900 4188 eques
924 4109 1094 4173 Romanus
1125 4126 1186 4173 sua
1217 4107 1384 4174 industria
1411 4106 1524 4173 factus

405 4220 468 4280 est.
504 4215 578 4279 Iam
601 4214 771 4298 intelliges
796 4214 1046 4297 epigrammatis
1063 4214 1128 4279 IX.
1147 4220 1260 4290 elaea
1283 4211 1405 4291 χαλκὸν
1428 4211 1524 4275 secas

496 4375 517 4438 ¹)
536 4372 598 4428 Vll.
619 4374 678 4427 ale.
696 4388 753 4440 sqq.

495 4460 517 4532 1)
535 4461 570 4519 cf.
589 4477 652 4532 pag.
673 4463 715 4516 19.
733 4461 794 4516 adn.
814 4463 839 4516 a.
