3460 5218
417 749 491 812 219.
515 743 701 826 Antipatri.

419 855 492 915 223.
516 849 688 933 Meleagri.

418 964 490 1024 224.
514 955 702 1040 Antipatri.

417 1067 611 1129 aad-238.
633 1062 814 1129 Demodoci
837 1061 939 1128 Lerii.

417 1177 490 1240 275.
515 1169 685 1252 Apollonii
710 1169 942 1236 Grammatici.

416 1283 490 1342 296.
514 1277 672 1344 Timonis.

416 1389 490 1450 362.
516 1382 721 1452 Callimachi.

416 1497 490 1556 363.
514 1489 732 1557 Dioscoridis

417 1604 490 1663 398.
515 1596 645 1663 Niciae.

415 1711 490 1769 414.
515 1703 649 1786 Hedyli.

415 1820 488 1878 415.
512 1810 699 1892 Antipatri.

413 1919 526 1984 Primo
559 1918 720 1999 adspectu
751 1915 865 1982 mirum
898 1922 965 1992 est,
1000 1916 1086 1996 quod
1116 1914 1297 1997 longiorem
1330 1913 1449 1980 seriem

325 2026 588 2108 Meleagreorum
605 2024 880 2106 epigrammatum
903 2041 1065 2104 nusquam
1086 2027 1287 2103 excerptam,
1313 2020 1372 2087 sed
1394 2021 1448 2087 hic

324 2133 380 2198 vel
403 2132 473 2198 illic
495 2149 594 2196 unum
618 2137 677 2196 aut
701 2131 844 2196 alterum
869 2149 1039 2212 aspersum
1063 2129 1226 2210 videmus,
1252 2129 1303 2194 ita
1330 2132 1370 2194 ut
1392 2129 1447 2196 vel

325 2239 388 2304 hac
412 2239 452 2303 de
477 2256 580 2303 causa
603 2237 801 2312 dubitemus,
827 2237 938 2303 sintne
955 2237 1100 2320 genuina
1120 2237 1181 2302 illa
1205 2236 1448 2318 epigrammata

324 2346 588 2428 Meleagreorum
612 2350 784 2427 poetarum
807 2343 994 2410 nominibus
1011 2349 1141 2410 ornata.
1190 2342 1448 2409 Constantinum

325 2471 366 2518 ex
389 2451 481 2519 fonte
506 2469 574 2527 suo,
599 2451 729 2518 scilicet
754 2470 795 2516 ex
819 2451 996 2535 Meleagro,
1022 2452 1107 2516 haec
1123 2450 1367 2534 epigrammata
1390 2449 1448 2515 mi-

324 2559 412 2624 nime
436 2559 650 2640 excerpsisse,
677 2557 735 2624 sed
758 2563 796 2625 ut
820 2576 930 2624 eorum
956 2558 1020 2624 sibi
1042 2559 1077 2624 in
1093 2563 1236 2624 mentem
1257 2557 1361 2638 venit,
1386 2556 1447 2638 ita,

325 2685 365 2731 ex
381 2665 539 2731 memoria
554 2665 710 2740 fortasse,
736 2665 769 2731 in
787 2665 873 2730 alias
891 2665 995 2731 series
1012 2665 1166 2732 intulisse
1183 2664 1334 2745 adparet.
1375 2664 1448 2729 Iam

325 2771 457 2855 singula
481 2773 719 2854 perlustramus
744 2773 901 2837 carmina.

413 2879 481 2944 XI.
509 2886 559 2942 12.
599 2881 719 2945 lemma
743 2879 810 2945 fert
826 2876 1014 2963 Ἀλκαῖον),
1040 2877 1190 2958 sequitur
1205 2875 1447 2960 Diogenianea,

325 2992 509 3067 sequuntur
524 2986 765 3069 Diogeniauea.
801 2986 878 3055 Viri
901 2985 991 3052 docti
1014 2991 1219 3067 putaverunt
1242 3001 1359 3049 versus
1375 3001 1449 3049 esse

325 3093 528 3177 epigramma
541 3093 575 3158 in
584 3093 771 3175 Philippum
784 3112 906 3176 rogem,
920 3093 953 3158 in
964 3109 1058 3173 quem
1071 3090 1248 3157 Alcaeus
1261 3089 1448 3156 Messenius

324 3200 393 3264 IX.
412 3205 486 3262 519.
504 3199 717 3265 acerbissimo
734 3200 895 3281 plenoque
918 3199 995 3264 bilis
1012 3199 1253 3281 epigrammate
1269 3195 1448 3263 invehitur.

325 3305 394 3372 Sed
419 3306 552 3371 collatis
568 3305 705 3386 reliquis
721 3306 843 3372 Alcaei
859 3306 1036 3386 poematiis
1052 3305 1153 3371 facile
1171 3321 1352 3387 cognoscas
1367 3302 1449 3368 illud

325 3411 365 3476 de
385 3431 446 3492 quo
464 3412 594 3495 agimus
611 3411 815 3495 epigramma
839 3411 971 3477 minime
988 3430 1062 3477 esse
1086 3411 1275 3495 genuinum3
1301 3410 1449 3475 Alcaeus

327 3523 365 3583 ut
390 3518 694 3600 Peloponnesiacus
710 3538 840 3601 semper
855 3519 962 3585 utitur
979 3519 1123 3585 dialecto
1141 3519 1262 3594 dorica,
1281 3536 1380 3598 quam
1395 3516 1449 3582 hic

325 3624 567 3707 desideramus3
585 3625 716 3691 accedit
730 3627 816 3707 quod
830 3625 1017 3692 Nicarchus
1029 3625 1212 3692 versiculos
1229 3624 1383 3690 imitatus
1395 3628 1449 3688 est

324 3750 374 3812 ep.
401 3732 469 3797 XI.
498 3739 529 3796 1:

483 3835 643 3918 Ἑρμαίοις
666 3836 740 3919 ἡμῖν
763 3836 952 3919 Ἀφροδίσιος
974 3838 1009 3916 ἓξ
1031 3839 1110 3916 χόας
1133 3841 1223 3901 οἴνου

538 3945 648 4025 αἴρων,
672 3945 860 4025 προσκόψας
881 3947 999 4019 πένθος
1021 3945 1113 4025 ἔθηκε
1136 3947 1223 4022 μέγα.

489 4051 581 4127 Οἶνος
604 4057 654 4115 καὶ
677 4055 858 4131 Κένταυρον
882 4047 1121 4126 &collocandis
1145 4047 1258 4128 ὄφελεν
1282 4052 1315 4111 δὲ

538 4155 655 4240 grinde!
681 4166 740 4221 νῦν
764 4157 881 4239 culpare
904 4165 1024 4221 τοῦτον
1048 4155 1263 4234 ἀπωλέσαμεν.

415 4263 520 4349 Quem
544 4284 616 4332 cum
640 4285 805 4347 uunquam
829 4265 1038 4346 antiquorum
1055 4271 1229 4347 poetarum
1245 4269 1448 4351 sectatorem

415 4494 437 4559 ¹)
456 4492 602 4549 Susamihl.
621 4494 639 4550 l.
658 4493 676 4549 l.
696 4493 732 4548 11.
753 4495 813 4549 544.
