3460 5218
695 493 913 552 „63-

243 665 345 746 χύδην
374 665 609 750 πεπλεγμένων)
645 664 803 747 privatim
832 666 1106 748 susurrabantur,
1141 665 1299 750 colligere
1327 673 1362 734 et

243 771 376 856 singule
399 775 491 838 certo
515 770 629 838 ordine
651 771 843 838 rescribere.

335 878 409 945 Iam
433 877 556 946 Sbidee
578 877 638 944 illa
660 878 850 946 recordare:
875 876 1003 943 Κύκλον
1025 886 1090 942 τῶν
1113 881 1196 943 νέων
1217 881 1363 962 &elypeu-

242 982 362 1061 μάτων,
395 981 434 1048 ὃν
457 981 553 1059 αὐτὸς
575 988 707 1064 συνῆξεν
730 985 764 1047 ἐκ
786 992 854 1048 τῶν
875 983 954 1048 κατὰ
980 982 1093 1066 καιρὸν
1114 995 1263 1066 ποιητῶν.
1308 989 1362 1054 In·

244 1090 542 1176 terrigenarum
564 1088 726 1176 Hesium)
751 1091 827 1168 τοὺς
849 1089 930 1158 κατὰ
952 1089 1063 1173 καιρὸν
1082 1091 1212 1172 ποιητάς
1234 1098 1361 1176 poetas,

214 1237 217 1244 ·
246 1197 302 1281 qui
326 1197 467 1281 singulis
490 1195 661 1264 aetatibus
690 1197 762 1266 sive
790 1200 991 1282 temporibus
1018 1198 1209 1267 floruerunt.
1256 1198 1364 1284 Quam

245 1304 448 1372 sententiam
471 1304 731 1385 Bernhardinsp
759 1323 802 1372 ne
826 1305 900 1386 quis
924 1306 1106 1390 acciperet,
1139 1306 1262 1390 suasit,
1295 1307 1363 1376 elia

242 1417 357 1478 tamen
390 1410 613 1493 explicatione
632 1430 708 1478 -non
739 1411 866 1482 addita.
915 1411 982 1480 Sed
1010 1430 1082 1480 cum
1110 1432 1224 1482 vocem
1255 1414 1364 1495 καιρός

244 1517 322 1585 istis
337 1518 602 1602 Byzantinorum
617 1517 819 1601 temporibus
844 1518 1037 1602 saepissime
1052 1519 1105 1587 vel
1131 1539 1260 1602 semper
1282 1521 1362 1598 iere,

242 1625 299 1693 ubi
323 1625 456 1709 legitur,
481 1627 664 1708 proverbe
687 1625 805 1707 χρόνος
827 1626 981 1710 usurpem
1002 1626 1260 1710 locupletissime
1287 1627 1363 1693 edo·

243 1733 349 1799 cuerit
379 1729 615 1816 Lobeckius‚³)
647 1732 797 1813 equidem
824 1751 889 1799 non
920 1732 1025 1814 video,
1055 1752 1114 1800 cur
1145 1730 1225 1796 κατὰ
1253 1732 1363 1814 καινὸν

244 1857 309 1906 non
340 1837 427 1905 idern
459 1838 506 1904 sit
536 1843 638 1918 atque
668 1836 899 1920 κατὰχρόνον,
932 1841 1019 1921 quod
1049 1839 1279 1922 explicandum
1309 1847 1363 1906 est

243 1942 323 2008 κατά
345 1943 404 2008 τὸν
436 1942 537 2008 αὐτὸν
559 1943 689 2025 χρόνον.
737 1945 883 2030 Collegit
912 1947 1017 2030 igitur
1039 1945 1210 2030 Agatbias
1242 1964 1362 2029 aeque·

243 2053 324 2118 lium
339 2050 409 2118 fere
430 2058 603 2134 poetarum
623 2051 876 2136 epigrammata.
911 2053 1035 2119 Eodem
1060 2053 1153 2118 modo
1178 2052 1364 2136 explicetur

243 2158 482 2240 suprascriptio
504 2158 661 2240 prooemii
685 2159 797 2242 capite
821 2165 941 2241 quarto
966 2159 1106 2226 servati:
1137 2158 1274 2240 συλλογὴ
1296 2161 1363 2222 τῶν

244 2268 326 2329 νέων
361 2262 613 2344 ἐπιγραμμάτων.
673 2265 799 2333 Tamen
836 2266 969 2333 etiamsi
1012 2266 1200 2346 aequalium
1229 2271 1362 2334 tantum

245 2372 488 2454 epigrammate
519 2371 725 2453 excerpsisse
756 2374 942 2456 Agatbiam
973 2379 1135 2457 putemus,
1167 2373 1238 2456 ipse
1269 2371 1363 2456 (lycii

244 2483 361 2545 auctor
383 2478 474 2544 inter
496 2477 536 2540 τὰ
560 2477 702 2558 dostram}
725 2484 775 2541 uel
796 2477 932 2560 νεώτερα
956 2483 1021 2543 τῶν
1044 2480 1285 2560 ἐπιγραμμάτων
1301 2483 1363 2543 δια-

242 2585 444 2648 λανθάνοντα
472 2583 517 2646 ἔτι
547 2583 681 2659 dividit,
722 2604 806 2667 qnae
830 2588 934 2653 verba
962 2605 983 2651 e
1013 2585 1095 2653 viris
1124 2587 1232 2653 doctis
1263 2604 1364 2667 usque

243 2691 350 2757 adbuc
373 2690 461 2757 falsa
484 2691 616 2757 ratione
639 2693 792 2774 exposite
817 2698 902 2759 sunt.
949 2693 1038 2759 Nam
1062 2711 1134 2758 cum
1158 2692 1196 2755 τά
1219 2692 1364 2773 άρτιγενῆ

243 2797 490 2878 ἐπιγραμμάτων
513 2798 698 2879 aequalium
720 2805 878 2883 poemata
893 2799 1149 2874 intellexissent,
1174 2797 1364 2878 soloecismo

242 2905 498 2968 διαλανθάνοντα
529 2903 571 2967 ἔτι
603 2905 704 2971 aliter
735 2906 953 2988 interpretari
980 2925 1046 2972 non
1073 2911 1267 2990 potuerunt,
1299 2906 1364 2972 nisi

246 3016 483 3094 supponerent:
515 3010 554 3072 τὰ
585 3010 723 3092 νεώτερα
756 3012 945 3080 vetustiora
973 3031 1048 3080 esse
1074 3013 1142 3080 illis
1165 3009 1362 3094 ἀρτιγενὲσιν.

243 3117 338 3203 Quod
361 3136 546 3199 quenquam
569 3120 774 3185 everborum
798 3120 934 3185 notione
957 3120 1115 3202 exemplis
1131 3120 1264 3186 minime
1280 3138 1364 3185 eom·

243 3226 413 3308 probatur,
438 3230 551 3290 tamen
575 3244 696 3308 omnes,
722 3233 880 3308 quantum
897 3227 1009 3314 scioi),
1036 3227 1102 3295 viri
1125 3227 1215 3294 docti
1230 3245 1363 3309 accepe-

243 3336 331 3398 runt.
373 3330 499 3397 Contra
530 3332 663 3414 propius
694 3333 738 3398 ad
768 3334 947 3400 veritatem
977 3352 1037 3400 nos
1068 3352 1261 3400 accessuros
1289 3351 1362 3400 esse

242 3443 333 3521 puto,
364 3457 435 3504 oum
460 3437 604 3519 άριιγενῆ
634 3441 824 3507 vetustiora
848 3439 1050 3522 suspicemur
1073 3443 1247 3521 νεωτέρων,
1279 3459 1364 3520 quae

241 3545 411 3611 sententia
427 3545 481 3612 vel
503 3545 580 3612 inde
603 3545 825 3624 confirmatur,
851 3547 938 3627 quod
960 3545 1097 3627 νεώτερα
1120 3547 1180 3613 illa
1202 3546 1362 3629 epigram-

242 3654 337 3717 mata
353 3653 607 3716 διαλανθάνοντα
630 3653 674 3715 ἔτι
694 3660 802 3735 erant,
827 3673 869 3720 ne
885 3653 1026 3737 siugulis
1047 3653 1177 3734 quidem
1192 3651 1362 3720 volumini-

242 3759 304 3824 bus
333 3758 604 3840 continebantur,
637 3761 722 3840 quod
753 3761 916 3843 suspicari
943 3761 1023 3827 licet
1047 3761 1087 3827 de
1109 3758 1363 3827 Democharidis

241 3864 382 3947 exempli
402 3866 517 3947 gratie
538 3867 800 3950 epigrammatis,
828 3886 924 3948 quem
948 3868 1121 3951 Agathise
1142 3865 1245 3932 fuisse
1265 3865 1360 3931 disci·

332 4059 353 4128 ¹)
371 4057 407 4113 ed
426 4059 545 4114 Leonem
565 4059 643 4116 Diec.
663 4059 756 4130 (Oorp.
774 4061 848 4118 Hist.
868 4061 938 4129 Byr.
957 4059 999 4118 ed.
1017 4061 1103 4116 Bonu.
1123 4059 1174 4114 XI.
1191 4075 1218 4128 p.
1237 4059 1319 4130 490.)Ι

330 4147 352 4218 ’)
371 4147 445 4204 snio.
465 4149 486 4203 l.
507 4149 530 4203 1.
549 4165 576 4218 p.
595 4150 638 4205 34.

330 4235 353 4304 ³)
371 4236 407 4292 ad
426 4237 507 4306 Soph.
525 4237 569 4292 ni.
588 4254 614 4307 p.
633 4238 676 4294 85.

329 4325 351 4396 ⁴)
371 4325 437 4383 Sere
450 4325 508 4384 vidi
520 4325 769 4384 Reitzensteinium
781 4327 854 4396 apud
863 4326 1126 4396 ‘Pauly-Wissowe'
1138 4326 1360 4397 (Bealeucyclop.

240 4413 262 4479 1,
282 4415 306 4468 1.
326 4429 348 4470 s.
368 4431 393 4472 v.
413 4415 564 4487 Agathino)
582 4421 689 4472 rectum
708 4416 876 4473 enucleasse.
