3460 5218
721 783 923 911 Vita.

348 1024 463 1139 ¹Natus
485 1091 556 1138 sum
572 1069 736 1136 Ricardus
749 1065 875 1131 Paulus
887 1063 1097 1132 Sakolowslri
1110 1025 1242 1131 Godani
1258 1081 1288 1127 a.
1305 1061 1336 1126 h.
1355 1079 1383 1124 s.

267 1181 423 1247 LXXII.
449 1179 502 1244 die
525 1179 624 1245 XIV.
649 1193 750 1241 mens.
776 1173 856 1255 Aug
889 1179 987 1254 patre
1008 1170 1147 1238 Aemilio
1171 1173 1386 1252 praematura

266 1293 373 1352 morte
404 1285 482 1350 mihi
517 1286 670 1366 abrepto,
703 1286 810 1346 matre
840 1281 990 1344 Amoeua
1022 1278 1062 1342 de
1094 1283 1194 1360 gente
1224 1276 1384 1352 Krausse,

267 1412 364 1475 quam
399 1393 488 1458 inter
525 1391 620 1458 vivos
655 1407 729 1454 esse
761 1406 884 1452 summe
915 1387 1034 1451 laetor.
1081 1383 1196 1449 Fidem
1231 1379 1388 1462 profiteor

270 1499 510 1581 evangelicam.
550 1496 756 1562 Litterarum
780 1494 977 1560 rudimentis
992 1492 1137 1558 imbutus
1154 1485 1385 1572 Argentorati,

268 1626 298 1671 a.
324 1606 519 1672 LXXXII.
562 1602 715 1668 Dresdae
738 1601 772 1667 in
792 1600 1011 1684 Gymnasium
1027 1598 1284 1668 Wettinianum,
1303 1591 1388 1675 quod

270 1712 397 1779 Ottone
421 1712 583 1778 Meltzero
614 1715 744 1775 rectore
770 1693 876 1786 floret,
901 1712 1055 1789 receptus
1088 1711 1122 1772 et
1150 1704 1225 1770 inde
1254 1724 1283 1768 a.
1308 1701 1384 1769 XO.

272 1819 484 1886 maturitatis
524 1816 715 1884 testimonio
755 1825 893 1882 ornatus
932 1833 1003 1879 sum
1042 1812 1205 1878 dimissus.
1252 1809 1388 1892 Lipsiae

272 1926 389 1992 deinde
423 1946 482 2008 per
509 1925 588 1990 bina
629 1924 805 1989 semestris
835 1922 954 1988 studiis
985 1919 1161 2002 philologis
1187 1936 1238 1983 me
1267 1916 1386 1994 dedidi,

272 2039 342 2099 tum
377 2033 486 2098 subito
518 2031 716 2116 gravissimo
752 2031 863 2095 morbo
894 2029 1094 2110 implicatus
1120 2032 1157 2092 ut
1180 2025 1387 2098 restituerer,

274 2139 394 2204 studiis
409 2139 556 2206 valedixi
573 2144 608 2204 et
623 2156 682 2220 per
699 2145 826 2219 septem
842 2155 971 2202 menses
991 2136 1026 2200 in
1042 2135 1148 2199 Italia
1164 2133 1389 2230 Helvetiaque

276 2247 445 2313 versabar.
494 2245 696 2312 Valetudine
724 2248 923 2326 recuperata
959 2243 1065 2308 denuo
1097 2243 1216 2308 studiis
1247 2242 1387 2308 incubui.

274 2352 412 2419 Scholas
447 2352 515 2417 adii
557 2352 701 2419 virorum
738 2350 992 2416 clarissimorum
1030 2348 1215 2424 Oichorius,
1247 2351 1388 2424 Heinze,

272 2460 440 2526 Immisch.
453 2459 597 2541 Lipsius,
612 2458 773 2536 Ribbeck,
790 2458 939 2538 Richter,
954 2457 1143 2536 Schneider,
1157 2459 1389 2543 Wachsmuth,

271 2565 415 2640 Wenck,
442 2566 625 2645 Windisch,
651 2566 790 2644 Wundt‚
813 2565 874 2630 Ed.
901 2570 936 2631 et
958 2563 1049 2629 Frid.
1067 2565 1231 2629 Zarncke.
1271 2566 1389 2631 Prose-

270 2673 411 2738 minario
447 2673 613 2755 philologo
648 2691 708 2762 per
743 2679 815 2737 tres
852 2689 948 2736 senos
983 2672 1389 2738 mensesmoderantihus

272 2780 503 2854 Wachsmuth,
535 2779 700 2858 Immisoh,
730 2779 889 2852 Buresoh,
927 2779 979 2844 Ed
1018 2779 1173 2844 Zarncke
1201 2780 1390 2861 adscriptus

272 2903 361 2950 eram
402 2887 535 2952 sodalis.
584 2885 767 2952 Seminario
811 2885 975 2967 philologo
1002 2885 1211 2968 ¹regentibus
1246 2886 1389 2969 Lipsius,

274 2992 435 3058 Ribbeck.
469 2993 691 3058 Waohsmuth
723 3010 780 3074 per
810 2992 887 3057 hina
919 2993 1096 3058 semestria
1127 2992 1250 3058 sodalis
1274 2993 1391 3059 exstiti

276 3099 469 3166 ordinarius.
518 3099 702 3168 seminario
723 3099 883 3164 historico
908 3099 1154 3164 Wachsmuthii
1184 3106 1219 3165 et
1249 3099 1394 3166 Oichorii

282 3206 440 3288 auspiciis
474 3227 533 3290 per
566 3207 619 3273 bis
654 3225 713 3272 sex
747 3224 877 3271 meuses
911 3205 1065 3282 intertum
1103 3207 1320 3273 societatibus
1355 3212 1393 3273 ut

279 3311 485 3394 interessem,
510 3314 652 3396 benigne
676 3319 909 3378 concesserunt
925 3313 1076 3378 Ribbeck
1097 3319 1132 3378 et
1148 3315 1208 3378 Ed.
1227 3315 1391 3396 Zarncke,

277 3418 322 3483 ad
357 3420 534 3486 historicas
558 3420 739 3501 Cichorius,
769 3419 812 3484 ad
841 3419 1111 3501 archaeologicas
1136 3421 1394 3488 exercitationes

276 3543 327 3588 me
353 3527 489 3592 admisit
513 3527 702 3594 Schneider.
753 3525 880 3610 Quibus
911 3527 1059 3591 omnibus
1087 3527 1169 3592 viris
1193 3528 1394 3595 doctissimis

280 3632 425 3714 gratiam
450 3653 546 3713 quam
570 3634 748 3698 maximam
772 3641 807 3698 ct
830 3635 936 3698 habeo
952 3639 987 3698 et
1011 3634 1138 3699 habebo
1163 3653 1300 3718 semper.
1339 3636 1392 3702 In·

279 3738 393 3819 primis
433 3747 545 3805 autem
580 3739 809 3813 Ribbeckium,
849 3740 904 3820 qui
940 3739 1121 3805 studiorum
1157 3761 1285 3825 semper
1319 3749 1394 3809 erat

278 3842 392 3911 fautor
414 3845 577 3930 egregius.
603 3852 638 3912 et
660 3845 857 3926 Oichorium,
887 3846 942 3928 qui
966 3847 1008 3912 ad
1033 3847 1259 3932 Anthologiae
1283 3850 1395 3915 studia

277 3971 329 4018 me
342 3953 508 4033 incitavit,
523 3953 575 4035 pio
584 3959 747 4036 gratoque
760 3954 868 4018 animo
881 3954 1035 4036 prosequi
1048 3973 1210 4035 nunquam
1224 3954 1393 4020 desistam.

369 4060 520 4140 Denique
538 4059 701 4126 societati
717 4061 911 4144 Philologus
927 4061 1104 4143 Lipsiensi,
1133 4079 1217 4141 quaa
1241 4069 1276 4127 et
1291 4063 1394 4145 philo-

280 4165 393 4249 logiae
406 4167 592 4233 rudimenta
605 4165 685 4232 mihi
692 4167 847 4249 praebuit
856 4174 890 4231 et
903 4167 1044 4232 dulcium
1058 4167 1232 4233 amicorum
1243 4187 1394 4234 commer-

281 4273 382 4354 cium,
408 4280 523 4356 grates
548 4292 611 4357 ago
635 4279 680 4349 et,
704 4279 742 4339 ut
764 4273 884 4339 floreat
907 4273 940 4339 in
964 4279 1144 4346 aetrnum,
1171 4293 1263 4340 aveo⁴

707 4515 742 4521 -·-
794 4507 885 4530 -ιῡοςισ-
947 4517 965 4522 -
