3460 5218
762 523 982 584 -2g..

313 697 530 780 Metaphorae
554 716 661 780 pauca
683 696 796 765 inveni
818 697 983 780 exempla:

402 803 489 878 οἶκος
510 803 629 882 ἐχώρει.
675 805 742 870 ΧΙ.
767 809 853 879 87,1.

402 907 476 991 ἦρεν
499 909 518 974 ὅ
541 910 668 986 καπνός.
715 911 783 977 ΧΙ.
809 916 894 992 99,1.

402 1017 494 1084 Bene
517 1018 682 1100 poeticum
705 1019 847 1084 colorem
870 1016 1082 1083 adumbravit
1099 1021 1199 1099 poeta
1222 1016 1314 1083 hisce
1330 1020 1434 1083 meta·

312 1122 439 1204 pharis:

402 1236 537 1309 στίχινος
559 1231 707 1307 θάνατος.
753 1231 820 1298 ΧΙ.
846 1236 942 1313 135,4
966 1237 1002 1297 et
1025 1229 1193 1297 similiter:

403 1345 546 1415 φονικῶν
569 1338 748 1418 ἑξαμέτρων
770 1337 916 1414 πόλεμος.
963 1339 1032 1406 ΧΙ.
1060 1343 1166 1416 136,4.

401 1445 506 1511 Plura
530 1445 753 1528 metonymiae
769 1444 858 1528 apud
872 1444 1038 1512 Lucilium
1056 1451 1133 1511 sunt
1149 1445 1315 1526 exempla3
1339 1463 1435 1526 prae·

314 1549 409 1632 cipue
433 1551 565 1617 deornm
591 1558 626 1619 et
649 1554 782 1619 heroum
798 1551 1049 1618 Homericorum
1073 1551 1206 1617 nomina
1220 1554 1434 1634 usurpantur,

315 1657 372 1724 ubi
395 1677 505 1725 corum
526 1660 646 1735 τύπους
668 1663 914 1742 exspectamus:
932 1661 1060 1726 Rheam
1082 1659 1160 1740 (XI.
1178 1657 1268 1742 69,2)
1289 1661 1349 1724 aut
1364 1658 1435 1724 He·

314 1765 431 1831 cubam
456 1766 534 1846 (XI.
564 1771 661 1849 212,4
678 1771 714 1834 et
730 1769 841 1849 logo)
866 1766 948 1833 dicit
970 1773 1071 1849 poeta
1094 1766 1241 1843 vetulas3
1265 1765 1435 1831 Priamum

314 1871 396 1955 (XI.
415 1874 525 1957 132,3)
548 1874 710 1940 hominem
731 1874 972 1958 grandaevum3
996 1874 1161 1940 Helenam
1178 1871 1259 1957 (XI.
1277 1877 1375 1950 2763
1399 1877 1435 1938 et

313 1979 427 2060 404,6)
458 1998 591 2046 uxorem
624 1986 684 2049 aut
714 1981 834 2048 hellam
870 1986 929 2047 aut
964 1980 1136 2063 perfidam;
1167 1978 1323 2045 Paridem
1354 1978 1434 2060 (XI.

316 2085 427 2169 278,2)
452 2086 649 2154 adulterum.
695 2089 839 2154 Deorum
865 2094 901 2155 et
921 2088 1054 2154 heroum
1068 2085 1202 2154 nomina
1217 2084 1436 2168 metonymice

314 2197 478 2275 usurpata
490 2193 577 2275 apud
590 2213 701 2261 omnes
713 2195 783 2261 fere
794 2201 916 2278 poetas
929 2193 1155 2273 inveniuntnr3
1172 2193 1259 2276 apud
1270 2196 1433 2258 nostrum:

314 2296 492 2364 Phaethon
514 2319 573 2382 pro
598 2303 667 2368 sole
692 2301 827 2388 (laha),
856 2299 1320 2385 Oharon=inferi(133‚o)‚
1349 2299 1436 2364 Her·

314 2403 404 2470 eules
427 2424 486 2486 pro
510 2407 582 2474 viro
606 2411 742 2476 robusto
766 2408 886 2494 (95‚4)3
911 2408 1058 2475 Ixionem
1076 2415 1111 2475 at
1127 2407 1262 2491 Tityum
1285 2406 1436 2489 appellat

313 2511 475 2580 scelestos
515 2515 696 2598 (143,3.4);
741 2516 895 2584 similiter
932 2516 1076 2592 Ὠκεανός
1111 2518 1236 2597 (245,2.
1269 2515 1435 2597 247‚3.4),

315 2620 443 2694 Νέμεσις
464 2621 601 2708 (alam),
625 2624 771 2703 Πήγασος
790 2631 825 2691 ct
848 2622 1103 2704 Βελλεροφόντης
1123 2621 1249 2708 (392,3)
1271 2641 1342 2689 cum
1360 2621 1435 2688 sim·

316 2724 458 2807 plicibus
481 2726 657 2796 familiaris
682 2731 841 2798 sermonis
864 2730 976 2799 verbis
999 2730 1225 2796 immutantur.

404 2833 644 2917 Periphraseos
683 2857 780 2904 unum
820 2843 953 2905 tantum
992 2835 1199 2921 investigavi
1238 2835 1434 2918 exemplum:

314 2944 423 3020 403,5.
470 2939 629 3006 Αὐσονὶον
650 2943 737 3021 πόμα
759 2944 897 3024 Βάκχου.

405 3046 471 3114 Sed
494 3055 614 3131 poetae
638 3051 802 3135 ingenium
828 3051 885 3128 eis,
910 3069 995 3132 quae
1019 3051 1083 3116 iam
1107 3054 1296 3130 sequnntur,
1320 3046 1436 3132 figuris

315 3152 476 3220 adhibitis
499 3157 602 3223 multo
626 3159 831 3240 praeclarius
862 3157 1035 3224 elucescit:
1068 3156 1206 3240 primum
1233 3156 1275 3222 de
1307 3173 1436 3222 onoma·

314 3260 448 3342 topoeia
471 3282 555 3343 quae
579 3265 696 3332 notavi
720 3265 894 3348 proteram.

403 3367 517 3436 Verba
547 3376 607 3437 aut
629 3390 717 3440 nova
740 3373 837 3439 finxit
861 3381 921 3439 aut
944 3372 1011 3437 iam
1035 3370 1209 3437 exstantia
1235 3366 1435 3451 immutavit,

314 3480 353 3540 ut
369 3476 539 3543 enuntiati
554 3479 723 3546 cniusdam
739 3481 790 3548 vis
815 3487 850 3546 et
872 3480 1017 3562 impetus
1041 3481 1304 3562 exaggeraretur
1327 3481 1362 3541 et
1380 3493 1436 3540 au·

315 3588 458 3665 geretur.
483 3584 569 3652 Sunt
582 3593 694 3653 autem
707 3589 791 3654 haec
802 3588 915 3668 verba,
929 3606 1014 3668 quae
1028 3587 1115 3668 apud
1124 3583 1285 3651 Lucilium
1298 3583 1437 3665 primum

315 3687 543 3759 inveniuntur:

405 3793 606 3878 ἀοιδομὰχος.
634 3805 740 3884 140,1.

405 3899 603 3986 ἀποσφίγγω.
630 3911 735 3992 210,2.

407 4006 613 4095 ἀποσφραίνω
628 4015 774 4094 (notione
787 4033 861 4082 sese
874 4015 971 4084 odore
984 4014 1123 4098 quodam
1135 4011 1313 4092 reficiendi)
1329 4016 1436 4095 1653.

404 4122 704 4202 βακτροπροσαίτης.
730 4127 837 4199 410,1.

403 4224 579 4307 βιβλὰριον.
606 4235 689 4314 78,2.

406 4341 749 4418 γραμματολικριφίδες.
777 4340 884 4412 140,2,

405 4440 584 4523 ὁαμάτειρα.
610 4449 718 4525 403,1.
