3460 5218
705 527 926 586 -21-

256 701 339 766 haec
363 699 606 783 epigrammata
630 700 865 782 conscripsisse
889 703 982 782 (μισῶ
1001 748 1009 763 .
1027 748 1035 763 .
1054 748 1061 764 .
1080 749 1098 775 .,
1124 697 1208 776 ὅσοις
1232 703 1301 777 νέος
1324 698 1375 764 οὐ·

257 805 359 869 de'vuor'
378 805 479 881 οὐδεὶς
502 804 614 892 ἤρεσε).
630 844 673 854 -
692 813 785 888 185,1
812 809 946 870 δέσποτα
963 817 1092 888 Καῖσαρ,
1119 812 1214 890 247,1
1233 807 1375 888 ὁπλίζου,

257 923 394 994 Καῖσαρ;
431 932 517 994 quae
547 913 777 981 invocationes
808 933 920 981 omnes
951 915 1039 981 tales
1071 921 1149 982 sunt
1180 921 1218 982 ut
1249 921 1376 983 certum

256 1027 377 1102 poetae
392 1021 563 1087 consilium
578 1039 642 1086 non
658 1021 876 1106 intelligatur.
908 1023 1070 1088 Ultimum
1083 1027 1155 1089 247.
1172 1023 1376 1107 epigramma

258 1126 375 1192 mirum
401 1127 587 1194 immodum
612 1127 917 1213 Gardthausenus1)
942 1129 1186 1211 interpretatus
1209 1136 1275 1195 est:
1305 1149 1375 1196 sus·

255 1233 387 1316 picotus
403 1241 457 1301 est
473 1234 635 1302 allusisse
650 1235 827 1324 Lucillium
843 1237 886 1302 ad
902 1237 1039 1304 Sextum
1054 1236 1255 1318 Pompeium,
1280 1256 1375 1318 quem

255 1347 392 1423 propter
414 1341 484 1408 eius
507 1343 541 1408 in
565 1342 679 1410 Sicilia
702 1343 793 1409 bella
815 1343 982 1408 maritima
1006 1348 1041 1408 et
1064 1349 1199 1426 propter
1226 1344 1375 1426 tyranni·

257 1467 330 1514 cam
353 1447 424 1514 eius
446 1454 650 1530 potestatem
674 1449 869 1533 Dionysium
894 1451 1113 1533 appellasset3
1139 1455 1277 1530 Καίσαρα
1301 1469 1375 1517 esse

257 1555 477 1623 Octavianum
502 1555 690 1623 Caesarem.
736 1557 813 1622 Non
840 1557 1010 1624 intellexit
1037 1558 1089 1624 vir
1119 1557 1250 1634 doctus
1283 1563 1373 1642 putu,

256 1661 395 1729 ironiam
430 1663 689 1746 epigrammatis.
743 1664 909 1731 irridetur
941 1669 1046 1730 naute
1081 1663 1213 1744 quidam
1252 1665 1375 1730 malam

257 1788 376 1837 navem
400 1772 598 1854 gubernans.
622 1771 655 1836 in
680 1790 777 1852 quam
800 1771 867 1837 iam
883 1777 991 1838 totum
1007 1771 1145 1853 pelagus
1165 1770 1374 1837 intravisset.

258 1876 385 1944 Similia
414 1882 612 1960 argumenta
639 1879 744 1944 habes
773 1883 858 1955 245„
884 1885 958 1942 246.
983 1883 1018 1943 et
1042 1884 1116 1942 2-18.
1141 1877 1296 1943 Bianoris
1320 1877 1372 1964 (i).

345 1985 578 2067 Philosophiae
595 1985 768 2051 Lucillium
785 1986 932 2052 deditum
952 1985 1065 2060 fuisse,
1090 1991 1127 2050 ut
1149 1985 1215 2050 iam
1241 1988 1374 2068 supral)

257 2091 339 2174 dixi,
376 2091 542 2159 evincitur
575 2111 616 2157 ex
643 2092 850 2159 irrisionibus
879 2111 987 2158 eorum
1012 2091 1287 2174 philosophorum,
1319 2092 1374 2172 qui

257 2198 392 2265 Lucillii
415 2199 611 2281 disciplinae
635 2199 821 2266 adversarii
845 2204 956 2280 erant,
985 2198 1135 2280 inprimis
1159 2197 1371 2281 Cynicorum:

257 2305 410 2372 conferas
430 2312 511 2386 153„
533 2312 612 2381 tot,
641 2313 726 2384 155.;
750 2305 897 2371 fortasse
913 2304 1072 2370 Lucillius
1092 2303 1264 2386 Epicureis
1281 2303 1372 2372 iave-

255 2413 327 2495 bat,
352 2432 437 2494 quae
460 2431 514 2478 res
535 2418 649 2478 tamen
668 2430 734 2478 non
754 2431 889 2494 prorsus
904 2411 1017 2493 liquet.
1052 2411 1140 2476 Nam
1164 2413 1268 2477 verba
1286 2416 1372 2487 93‚1.

259 2523 363 2603 103‚1.
397 2524 506 2597 249,5.
539 2520 643 2586 solum
673 2519 714 2585 de
746 2519 866 2585 atomis
897 2518 1070 2601 Epicureis
1101 2525 1221 2601 agunt;
1257 2523 1292 2584 et
1322 2517 1374 2584 ita

256 2627 384 2707 quidem
405 2635 443 2693 ut
459 2646 531 2693 cum
552 2626 673 2692 atomis
694 2631 925 2710 comparentur
947 2625 1069 2708 pusilli,
1094 2643 1175 2705 quos
1198 2623 1373 2690 inferiores

255 2752 330 2799 esse
353 2733 472 2800 atomis
494 2734 566 2815 ipse
586 2733 749 2816 Epicurus
766 2732 971 2799 concederet.
1007 2731 1157 2812 Medicis,
1182 2732 1371 2817 astrologis

258 2841 494 2925 grammaticis,
523 2841 727 2922 rhetoribus
756 2839 1000 2923 gladiatoribus
1022 2839 1312 2906 vehementissime
1337 2849 1372 2905 et

257 2947 470 3014 acerbissime
498 2947 682 3027 maledicit,
711 2947 761 3012 ita
790 2952 828 3012 ut
851 2945 1027 3012 Lucillium
1058 2945 1165 3028 ipsum
1193 2946 1254 3011 has
1279 2953 1372 3013 artes

255 3056 343 3121 haud
366 3055 548 3138 professum
577 3074 651 3120 esse
674 3053 854 3121 verisimile
877 3055 932 3118 sit.
981 3052 1109 3119 Contra
1136 3053 1276 3118 miratus
1301 3071 1372 3119 sum

253 3169 387 3244 poetam
423 3180 583 3243 nusquam
615 3159 764 3226 iuridicis
801 3165 836 3226 et
870 3158 1125 3242 magistratibus
1160 3158 1370 3238 maledicere3

253 3268 340 3334 unde
364 3269 452 3334 haud
476 3268 543 3334 scio
568 3287 612 3333 an
635 3266 786 3334 concludi
809 3267 916 3349 possit
945 3284 1018 3332 eum
1045 3267 1151 3348 ipsum
1176 3285 1302 3347 quoque
1326 3267 1371 3333 iu-

252 3374 366 3442 ridicis
388 3376 551 3456 quondam
573 3373 693 3440 studiis
711 3374 859 3440 deditum
883 3374 1203 3458 magistratibusque
1223 3374 1372 3442 functum

253 3501 336 3548 esse.
366 3480 543 3550 Invehitur
566 3481 667 3547 etiam
691 3482 725 3547 iu
749 3482 855 3547 malos
877 3487 1005 3563 poetas,
1029 3481 1207 3563 praecipue
1226 3482 1260 3546 in
1276 3481 1371 3548 Meli·

252 3595 362 3656 touem
388 3589 562 3672 quendam,
587 3588 680 3655 cuius
704 3588 914 3672 tragoediam
937 3589 1067 3655 Nioben
1095 3588 1256 3654 audacter
1278 3589 1370 3656 velli-

254 3704 309 3764 cat
332 3697 455 3783 (143‚6.
484 3702 520 3762 et
549 3700 661 3777 24⁶‚62
690 3698 794 3776 δρᾶμα
816 3695 967 3777 σαπρόν),
998 3699 1069 3761 tum
1096 3695 1131 3761 in
1154 3694 1369 3761 Heliodorum

253 3804 653 3889 epigrammatographum
686 3802 776 3886 (134.
812 3801 910 3887 137.),
942 3801 976 3869 in
1007 3803 1155 3868 Murcum
1187 3801 1370 3885 elegiacum

254 3912 373 4000 (rba),
407 3911 640 3979 Callistratum
670 3910 939 3995 epicum(136.)‚
970 3909 1192 3993 Eutychidem
1219 3908 1370 3975 melicum

253 4017 375 4106 (133.),
406 4019 624 4084 Potamonem
655 4025 690 4083 et
714 4019 958 4101 Hermogenem
982 4017 1093 4099 (131.).
1141 4014 1205 4101 Qui
1229 4014 1298 4082 sint
1320 4015 1370 4082 illi

250 4132 385 4210 poetae,
418 4143 462 4192 ne
492 4124 655 4208 suspicari
689 4125 819 4206 quidem
853 4125 943 4191 lieet.
990 4124 1095 4189 Pomo
1130 4121 1370 4206 epigrammate

341 4374 363 4444 ¹)
382 4373 535 4443 Augustus.
555 4371 593 4429 11.
614 4374 638 4439 1,
659 4374 717 4428 129.

339 4461 363 4534 ¹)
382 4461 417 4518 cf.
437 4478 521 4532 supra
539 4477 604 4532 pag.
623 4463 666 4516 15.
