3460 5218
788 492 1005 548 ..14-

426 663 475 728 Χ.
501 668 553 727 28.
576 662 644 730 iam
666 662 763 731 viden
785 662 873 747 apud
894 663 1132 747 Apollodorum
1156 664 1313 732 comicum
1340 668 1375 729 ἐν
1400 674 1458 730 Γα-

343 767 499 854 λάταις1)ι

433 883 503 951 Τοῖς
526 874 586 956 γὰρ
609 880 798 956 μεριμνῶοίν
820 900 854 940 τε
876 882 927 940 καὶ
950 879 1158 953 λυπουμένοις

430 976 534 1047 ἀπαοα
558 982 617 1060 νὺξ
639 983 718 1046 ἔοικε
740 989 905 1061 φαίνεσθαι
926 983 1040 1064 μακρά.

428 1090 744 1173 X.29.supersede0
754 1091 1011 1158 innumerabiles
1020 1091 1089 1158 fere
1099 1091 1314 1159 afferreloens
1324 1092 1458 1160 similes.

429 1199 474 1264 Χ.
508 1203 559 1261 30.
593 1197 663 1264 solo
694 1198 806 1265 codiee
836 1198 1009 1265 Marciano
1040 1199 1189 1266 Lucieno
1219 1200 1392 1277 tribuitur,
1424 1200 1488 1267 in·

340 1305 498 1372 Palatino
522 1301 641 1384 ἄδηλον
664 1311 727 1371 est.
773 1306 827 1372 Ne
848 1306 912 1372 hoa
934 1305 1064 1387 quidem
1087 1324 1206 1374 nevam
1231 1307 1365 1374 exhibet
1389 1326 1459 1374 sen-

340 1411 491 1490 tentiam,
517 1411 669 1478 conferas
692 1411 893 1494 Euripidis2)
916 1413 952 1479 in
975 1413 1176 1479 Erechtheo:

535 1517 589 1594 τὰς
599 1519 727 1598 χάριτας
750 1515 834 1595 ὅστις
856 1516 991 1597 εὐγενῶς
1012 1525 1177 1600 χαρίζεται,

534 1621 624 1706 ἥδιον
646 1627 680 1690 ἐν
702 1632 873 1706 βροτοῖσιν.
900 1631 928 1690 οἱ
952 1629 985 1690 δὲ
1013 1631 1110 1706 δρῶσι
1131 1631 1198 1709 μὲν,

534 1732 643 1816 χρόνῳ
675 1737 708 1796 δὲ
737 1736 848 1817 πολλῷ
879 1736 975 1812 δρῶσι
999 1736 1247 1814 δυσγενέστερον.

429 1839 527 1907 Adde
550 1839 754 1922 Senecam³),
779 1838 1012 1923 Ausonium),
1036 1839 1218 1924 Georgium
1233 1840 1460 1927 Lapitham).

429 1949 476 2014 X.
502 1954 552 2011 31.
578 1947 771 2016 Tritissima
794 1948 973 2014 sententia.

428 2057 474 2122 X.
501 2060 551 2118 35.
577 2061 630 2121 est
652 2055 748 2121 illud:

496 2162 612 2227 Donec
636 2162 702 2228 eris
726 2162 817 2242 felix,
841 2162 964 2228 multos
986 2161 1174 2228 numerabis
1195 2161 1329 2244 amieos,

546 2269 661 2335 nubila
685 2268 713 2335 si
737 2268 862 2335 fuerint
884 2274 1045 2350 tempora,
1070 2268 1160 2334 sulus
1183 2268 1293 2352 erim).

430 2376 477 2441 X.
504 2382 555 2442 36.
579 2376 676 2442 fiuxit
699 2397 740 2443 ex
763 2375 965 2460 Theognidis
975 2375 999 2460 ⁷)
1023 2375 1189 2443 versibus:

427 2480 471 2546 ’Ἠ
488 2507 526 2559 με
548 2490 627 2561 φίλει
650 2481 794 2563 καθαρὸν
817 2486 948 2559 θέμενος
970 2483 1058 2557 νόον,
1085 2479 1156 2563 ἀμ’
1182 2480 1345 2547 ἀποειπὼν

475 2590 605 2670 ἔχθαιρ’,
630 2588 788 2671 ἀμφαδίην
811 2605 912 2665 νεῖκος
935 2587 1124 2670 ἀειράμενος.

432 2694 466 2772 ὃς
488 2701 521 2761 δὲ
543 2701 598 2778 μιῇ
621 2697 746 2778 γλώσσῃ
770 2695 828 2775 δίχ’
855 2698 916 2775 ἔχει
939 2697 1026 2773 νόον,
1051 2691 1148 2772 οὗτος
1169 2697 1294 2777 ἑταῖρος

476 2804 585 2880 δειλὸς,
611 2802 719 2886 Κύρυ,
744 2802 859 2886 ἐχθρὸς
880 2806 1025 2882 βέλτερος
1049 2801 1066 2884 ἢ
1089 2809 1180 2880 φίλος
1202 2800 1258 2868 (ἀν.

434 2911 548 2978 Dueta
571 2917 650 2978 sunt
673 2912 754 2978 item
778 2908 1038 2994 eTheognide⁸)
1062 2911 1109 2976 Χ.
1129 2916 1180 2974 37.
1198 2914 1234 2976 et
1257 2916 1309 2974 42.
1319 2908 1346 2996 ⁰)
1392 2910 1466 2976 Iam

346 3017 568 3085 subsistamus
583 3019 751 3101 paululum
774 3018 809 3084 in
832 3018 1072 3100 epigrammate
1088 3018 1135 3083 X.
1154 3023 1216 3100 41,
1241 3017 1381 3099 primum
1396 3035 1468 3083 eon·

348 3124 458 3191 sidera
481 3127 544 3192 hou
568 3127 771 3209 epigramma
787 3125 915 3208 longius
933 3130 968 3190 et
989 3123 1122 3190 uberius
1139 3143 1326 3205 essequam
1343 3130 1467 3206 uetera,
1492 3153 1495 3160 ’

347 3231 398 3297 ita
421 3237 459 3298 nt
474 3233 591 3299 melius
607 3233 762 3298 iudicium
778 3231 868 3298 ferre
883 3229 994 3297 lineat.
1033 3230 1211 3298 Sententia
1227 3251 1268 3296 ea
1284 3237 1348 3314 est,
1372 3250 1470 3313 quam
1526 3234 1529 3241 “

348 3338 518 3405 Lucienus
542 3358 671 3423 semper
693 3339 727 3404 in
752 3338 879 3404 deliciis
894 3339 1013 3405 habet:
1035 3339 1072 3412 „e
1088 3337 1113 3403 il
1129 3337 1228 3404 solito
1244 3337 1339 3422 gnido
1356 3344 1470 3406 contro

346 3445 369 3509 l’
388 3463 573 3512 ammassar
595 3444 828 3526 riehezze²⁰).“
872 3443 1033 3512 Conferas
1050 3443 1192 3526 exempli
1207 3445 1320 3528 gratia
1335 3445 1471 3530 Dialog.

438 3605 461 3672 1)
481 3604 567 3660 ΚοιΙι.
587 3604 639 3659 ΙΙΙ.
659 3606 721 3660 289.

437 3692 459 3764 ⁹)
477 3692 588 3749 Nauck*
606 3694 640 3749 fr.
660 3695 721 3751 36⁷.

437 3782 458 3854 ³)
478 3784 511 3839 de
530 3783 621 3840 benef.
640 3783 678 3839 11.
699 3784 723 3840 1.

435 3871 459 3940 ⁴)
479 3873 565 3943 epigr.
584 3874 627 3929 82.

436 3962 458 4034 ὗ)
477 3979 505 4022 v.
522 3964 583 4018 462.

436 4052 459 4123 θ)
480 4050 530 4108 Ov.
550 4052 636 4108 Trist.
656 4052 677 4107 I.
697 4053 722 4119 9,
741 4051 767 4105 5.

438 4140 458 4212 ⁷)
476 4158 502 4197 v.
521 4141 564 4197 89.

438 4229 459 4299 ⁸)
477 4246 504 4285 v.
525 4230 603 4286 1153.

437 4318 460 4382 ⁹)
479 4335 505 4374 v.
526 4320 567 4374 19.

426 4408 462 4476 ¹⁰)
481 4407 563 4477 Setti,
580 4424 645 4479 pag.
664 4409 708 4465 29.
