3460 5218
778 513 995 573 ..30-

422 693 532 767 148‚3:
556 695 595 767 τῇ
616 691 736 768 χειρί..
751 735 759 752 .
774 734 782 750 .
806 691 979 765 σολοικίζει.

422 800 532 872 165‚1:
558 793 697 878 διχὰλκῳ
721 794 732 880 ί
754 792 855 857 αίτὸν
878 791 1090 872 ἀποσφραίνει.

420 906 562 981 246,1.2;
587 902 621 964 ἐκ
640 907 743 965 ποίων
758 900 873 976 ἔταμες,
897 898 1044 973 Διονύσιε,
1068 897 1108 961 τὰ
1124 897 1202 976 ξύλα
1218 904 1315 960 ταῦτα
1330 897 1341 982 J
1356 903 1448 960 λατο-

334 1013 432 1086 μιῶν,·
454 1015 559 1072 ποίων
581 1006 617 1071 τὸ
641 1008 760 1086 σκάρος
782 1009 845 1071 ἐστὶ
866 1006 994 1083 μύλων·

422 1139 534 1216 247,4:
558 1132 643 1215 πηγὴ
665 1131 692 1197 ὁ’
696 1129 839 1196 ὠκεανοῦ
862 1137 982 1212 ξυλίνη.

421 1245 534 1324 249,6:
559 1241 662 1305 πάντα
684 1243 787 1320 γέμειν
809 1239 926 1323 ἀγρῶν.

421 1353 565 1428 253,1.2:
591 1349 624 1411 ἐκ
639 1353 742 1411 ποίων
762 1345 780 1411 ὁ
804 1346 907 1428 πατὴρ
930 1364 963 1411 σε
986 1350 1094 1429 δρυῶν
1116 1347 1273 1424 τέτμηκευ,
1290 1341 1447 1422 Ἀρίστων,

331 1453 343 1540 l
369 1451 382 1477 ”
404 1461 506 1518 ποίων
529 1472 561 1518 σε
582 1454 688 1530 μύλου
710 1453 833 1533 κόψατο
857 1461 1025 1529 λατομιῶν.
1051 1452 1107 1538 (cf.
1133 1451 1221 1537 246.)

420 1585 531 1657 265,2;
557 1583 693 1657 ψυλλῶν
714 1579 854 1643 ἱππικόν.

421 1691 533 1763 aloa:
558 1682 636 1763 ὄψιν
659 1684 698 1748 ἂν
722 1686 885 1765 ἠγόρασας.

421 1799 534 1875 313,1ι
559 1790 692 1874 ἀργυρέῃ
715 1801 805 1878 λιμῷ.

423 1906 535 1978 313,2:
559 1902 740 1974 πειναλὲους
761 1906 901 1974 πίνακας.
926 1898 979 1980 (cf.
1005 1901 1125 1979 314,4.)

421 2012 533 2085 313,3:
558 2004 788 2088 ἀργυροφεγγὲϊ
809 2013 900 2091 λιμῶ.

420 2120 532 2190 400,1:
559 2111 759 2194 Γραμματικὴ
782 2119 919 2192 φυσίζοε.

421 2226 533 2302 400,2:
560 2219 788 2307 (Γραμματικὴ)
812 2223 906 2297 λιμοῦ
929 2223 942 2302 l
965 2219 1132 2302 φάρμακον
1155 2217 1317 2299 εὑρομένη.

422 2334 568 2411 400,5.6;
598 2328 638 2395 cf.
663 2327 761 2406 iufra,
787 2328 843 2393 ubi
867 2328 907 2394 de
930 2327 1077 2410 parodiis
1100 2326 1235 2410 egimus.

421 2441 496 2499 403.
506 2455 612 2518 paene
621 2442 727 2502 totum
736 2435 940 2520 epigramma
949 2435 1184 2501 catachreseos
1198 2431 1380 2516 exemplum
1389 2436 1450 2498 est.

421 2547 535 2623 408‚l:
560 2541 598 2607 τὸ
621 2551 717 2624 γῆρας
740 2539 854 2606 οὔποτε
876 2541 996 2620 βάψεις.

421 2666 607 2734 Adamavit
622 2667 726 2751 igitur
741 2668 890 2735 Lucilius
906 2668 1141 2734 catachreseos
1156 2671 1295 2747 tropum,
1320 2667 1356 2730 et
1376 2683 1450 2731 cou-

337 2773 482 2840 iunctam
507 2774 635 2854 quidem
661 2775 855 2857 saepissime
884 2794 955 2842 cum
979 2774 1169 2858 hyperbole,
1203 2772 1243 2874 de
1271 2791 1336 2853 qua
1362 2769 1452 2837 iufra

337 2879 527 2947 accuratius
551 2882 714 2964 agendum
738 2881 812 2947 erit.

426 3006 480 3072 De
510 3005 670 3088 epithetis
699 3008 836 3074 verbum
867 3005 1009 3088 amplius
1039 3006 1160 3072 addere
1187 3004 1245 3072 vix
1258 3007 1260 3011 ’
1275 3023 1356 3086 opus
1387 3007 1450 3084 est,

337 3111 453 3192 itaque
476 3111 520 3178 ad
542 3113 668 3179 ironiae
691 3112 888 3178 Lucilianae
911 3114 1059 3195 exempla
1083 3111 1200 3178 statim
1223 3109 1451 3194 transgredia·
1568 3191 1574 3200 ¹

336 3238 416 3284 mur.
455 3219 622 3285 Rhetores
645 3220 787 3299 quinque
802 3218 930 3285 ironiae
947 3239 1070 3302 genera
1087 3224 1293 3286 statuerunt:
1318 3233 1451 3298 σαρκασ·

335 3323 408 3400 μόν,
439 3321 612 3401 ἀστεϊσμόν,
643 3323 837 3408 ἀντίαρασιν,
865 3334 1044 3408 παροιμίαν,
1075 3326 1300 3407 μυκτηρισμόν.
1350 3321 1451 3406 Apud

339 3431 503 3498 Lucilium
527 3433 630 3498 solum
655 3452 856 3499 sarcasmum
881 3439 917 3500 et
938 3433 1141 3517 paroemiam
1163 3432 1357 3502 invenimus.

424 3556 545 3625 Omnia
575 3558 646 3624 fere
676 3558 798 3624 Lucilii
829 3558 985 3643 carmina,
1018 3559 1135 3642 quibus
1163 3559 1288 3625 factum
1320 3555 1451 3638 aliquod

339 3669 477 3730 enarrat
507 3663 558 3749 (et
590 3664 660 3732 sine
688 3665 740 3731 ira
768 3669 804 3732 et
832 3666 942 3732 studio
974 3685 1132 3733 enarrare
1162 3663 1324 3751 videtur),
1360 3681 1450 3730 acer·

335 3769 464 3836 bissimi
493 3771 593 3853 plena
617 3777 694 3840 suut
718 3773 888 3840 sarcasmi.
928 3774 981 3840 Ea
1005 3793 1089 3855 quae
1112 3774 1184 3840 fieri
1206 3776 1383 3855 nequeunt,
1408 3770 1451 3836 ab

335 3877 394 3956 eis,
420 3877 538 3958 quibus
560 3885 662 3961 poeta
681 3879 868 3960 maledicit,¹
886 3880 981 3947 facta
1001 3901 1075 3948 esse
1095 3881 1285 3964 tranquille,
1309 3884 1348 3945 ut
1362 3877 1451 3946 vide·

335 3988 401 4067 tur,
419 3984 538 4068 animo,
555 3985 651 4067 quasi
667 3987 713 4053 sit
727 4006 834 4053 rerum
851 3993 1021 4071 gestarum
1038 3987 1190 4071 scriptor,
1207 3989 1448 4053 commemorat.

336 4090 491 4175 Exempli
511 4092 625 4175 gratia
645 4093 805 4178 inspicias
825 4093 1068 4179 epigrammata
1091 4097 1163 4160 159.
1187 4100 1258 4159 163.
1283 4100 1355 4158 164.
1379 4098 1450 4157 165.

337 4202 408 4262 171.
437 4203 509 4261 172.
537 4205 609 4266 175.
634 4206 707 4264 235.
733 4206 807 4266 208.
833 4206 907 4266 391.
932 4202 1088 4287 (lepidum
1107 4200 1242 4268 fabulae
1257 4201 1450 4284 exemplum,

335 4302 510 4384 quainter
538 4323 675 4373 avarum
699 4311 734 4373 et
760 4326 885 4375 murem
909 4308 1060 4394 dialogus
1087 4308 1349 4394 perstringitur.)
1377 4313 1450 4371 392.

335 4415 410 4480 400.
426 4413 462 4477 et
480 4416 554 4476 403.
577 4432 649 4479 cum
665 4413 815 4495 emphasi
838 4415 931 4482 dicta
953 4435 992 4484 eo
1007 4417 1115 4501 magis
1135 4416 1276 4484 ironiam
1290 4415 1450 4496 redolent,
