3460 5218
713 553 928 613 „73-

264 723 421 804 χάνοντας
440 724 626 802 δυνάμενον.
656 723 743 789 ’Ἐστι
767 730 800 790 δέ
823 720 919 802 οὗτος
942 725 1044 790 dcciv
1064 729 1265 804 έπιτυμβίων,
1288 724 1390 808 άρχην

266 831 350 910 ἔχων
377 832 509 897 τοιάνδε.
557 831 630 917 Quo
658 833 755 900 initio
783 832 907 916 optime
936 835 1169 917 comprobatur
1195 834 1302 917 ipsum
1327 833 1389 902 (le-

267 939 401 1022 phalam
422 939 723 1022 suprascriptiones
745 940 824 1007 illas
840 940 1072 1023 composuisse,
1096 960 1174 1008 uam
1189 941 1224 1008 iu
1239 940 1390 1025 margine

267 1044 326 1113 illo
366 1047 438 1114 loeo
475 1047 636 1130 scriptum
673 1047 837 1115 videmus:
878 1045 958 1129 άρχη
998 1057 1063 1112 τῶν
1101 1050 1293 1125 ἐπιτυμβίων
1327 1050 1389 1113 έπι-

267 1155 469 1235 γραμμάτων,
501 1149 548 1218 ὥν
571 1154 747 1232 έσχεδίασεν
771 1153 789 1218 δ
813 1154 902 1236 κύρις
925 1163 1170 1232 Κωνσταντίνος
1193 1152 1211 1219 ὃ
1235 1163 1389 1235 Κεφαλᾶς,

267 1258 286 1324 ὃ
308 1260 461 1342 μακάριος
483 1265 535 1324 καί
558 1261 741 1341 ἀείμνηστος
764 1266 814 1325 καί
838 1262 1031 1342 τριπόθητος
1047 1261 1241 1343 ἀνθρώπων.
1279 1262 1390 1347 Caput

266 1387 387 1435 nouum
421 1368 470 1434 sic
503 1367 719 1452 inauguravit
750 1368 934 1452 Cephalum
970 1369 1051 1450 ἀρχὴ
1081 1373 1148 1434 τῶν
1178 1372 1390 1434 ἐπιδεικτικῶν

266 1474 518 1557 ἐπιγραμμάτων.
563 1475 643 1540 Οὐδὲ
666 1491 733 1550 τοῖς
755 1484 900 1550 παλαιοῖς
924 1474 979 1562 (cf.
1004 1495 1075 1558 cap.
1099 1478 1168 1543 XI.
1194 1481 1259 1541 τῶν
1280 1485 1390 1540 παλαι-

268 1591 316 1672 ῶν
332 1632 340 1646 .
358 1631 366 1646 .
384 1633 390 1646 .
405 1589 426 1661 .)
443 1579 590 1664 ἠμέληται
613 1580 651 1646 τὸ
674 1580 878 1647 ἐπιδεικτικὸν
894 1584 994 1661 γένος,
1019 1580 1086 1646 ἀλλ’
1107 1583 1169 1647 ἔστι
1192 1589 1244 1647 καὶ
1266 1585 1300 1647 έν
1323 1599 1391 1660 τοῖς

268 1689 495 1771 ἐπιγράμμασιν
525 1688 629 1770 εὑρεῖν
655 1694 708 1752 καί
738 1690 899 1770 ἑρμηνείας
928 1691 1081 1768 ἐπίδειξις,
1113 1695 1166 1753 καί
1194 1691 1392 1771 πραγμάτων

269 1800 449 1876 γενομένων
471 1793 573 1872 άντως
594 1795 612 1877 ἢ
637 1795 680 1872 ὥς
703 1799 884 1876 γενομένων
907 1794 1071 1877 άφὴγησις;
1097 1797 1199 1879 capiti
1223 1798 1270 1864 X.
1296 1798 1391 1866 vides

268 1905 463 1987 praeposita
478 1907 595 1970 verba:
621 1901 701 1984 ἀρχὴ
725 1912 791 1968 τῶν
806 1912 1054 1984 προτρεπτικῶν.
1087 1901 1166 1968 Οέδέ
1182 1899 1277 1980 οὗτος
1292 1907 1390 1987 ξένος,

269 2011 329 2075 οἶδ
347 2009 403 2088 ὅτι,
429 2019 494 2076 τῶν
510 2013 737 2092 ῥηθησομένων
752 2009 997 2090 ἐπιγραμμάτων
1021 2008 1039 2074 ὁ
1063 2009 1196 2092 τρόπος,
1222 2018 1319 2074 τοῦτο
1341 2017 1391 2074 καί

269 2122 334 2182 τών
356 2122 499 2184 παλαιῶν
528 2118 583 2200 (cf.
607 2119 674 2186 XI.
699 2117 782 2202 IX.)
807 2119 1095 2198 έπισημαινομένων
1117 2119 1292 2193 πολλάκις·
1313 2142 1391 2199 προ·

269 2225 412 2306 τρεπτικά
436 2229 469 2289 δέ
490 2229 548 2289 τοῦ
567 2229 724 2306 πρακτέου
746 2240 814 2302 τοῖς
830 2225 1077 2304 ἐντυγχάνουσιν
1093 2226 1178 2307 (cap.
1192 2227 1285 2307 VH.)
1302 2223 1390 2300 ὄντα,

270 2331 310 2394 οὐ
332 2335 444 2414 τέρψιν
465 2331 577 2412 μάνην,
608 2329 687 2395 άλλά
710 2337 760 2395 καί
784 2327 899 2410 ὄφελος
922 2329 962 2394 οὐ
984 2329 1098 2411 μικρὸν
1121 2331 1196 2408 ἔχει,
1226 2332 1337 2412 καιρόν
1361 2356 1391 2395 τε

270 2442 322 2501 καί
345 2439 446 2503 τόπον
467 2443 519 2502 καί
542 2443 656 2519 πρᾶξιν
679 2438 893 2518 ὑφηγούμενα.
941 2439 1072 2505 Musam
1096 2447 1208 2504 autem
1233 2439 1391 2520 puerilem

271 2545 363 2613 hisce
379 2546 490 2614 verbis
506 2545 675 2628 Cephalas
698 2546 883 2613 incohavit:
908 2551 959 2608 καί
982 2551 1027 2620 τίς
1050 2544 1090 2609 άν
1113 2547 1188 2625 είήν,
1212 2551 1239 2608 εί
1260 2545 1392 2610 πάντων

269 2669 318 2716 σοι
340 2659 409 2716 τῶν
431 2655 603 2733 εἰρημένων
626 2651 682 2732 τὴν
705 2655 823 2730 γνῶσιν
845 2652 1011 2726 ἐκθέμενος
1038 2651 1095 2731 τὴν
1120 2651 1311 2730 Στράτωνος
1334 2660 1392 2715 τοῦ

270 2762 452 2839 Σαρδιανοῦ
477 2758 624 2837 παιδικὴν
650 2761 775 2834 μοῦσαν
803 2755 1044 2837 άπεκρυψάμην,
1077 2755 1115 2837 ἣν
1142 2756 1238 2834 αὐτὸς
1268 2763 1392 2837 παίζων

268 2864 349 2947 πρὸς
371 2866 447 2941 τοὺς
467 2872 601 2945 πλησίον
624 2865 835 2942 ἀπεδείκνυτο,
860 2867 971 2946 τέρψιν
995 2869 1110 2928 οἰκείαν
1130 2864 1185 2945 τὴν
1201 2865 1391 2944 ἀπαγγελίαν

270 2976 336 3037 τῶν
361 2973 614 3056 ἐπιγραμμάτων,
644 2970 683 3037 οὐ
711 2972 769 3036 τὸν
797 2975 885 3048 νοῦν,
915 2973 1114 3049 ποιούμενος.
1158 2969 1255 3050 'Exco
1284 2979 1391 3036 τοίνυν

269 3084 337 3144 τῶν
362 3081 432 3160 ἑξῆς
449 3103 456 3120 ·
472 3083 507 3145 έν
532 3087 669 3162 χορείαις
692 3078 752 3161 γάρ
777 3073 794 3160 ἦ
817 3104 851 3160 γε
874 3080 1025 3159 σώφρων,
1050 3078 1129 3142 κατά
1153 3078 1210 3143 τὸν
1233 3081 1389 3161 τραγικόν,

270 3185 312 3250 οὐ
335 3189 588 3269 διαφθαρήσεται.

358 3297 512 3379 Adparet
536 3314 635 3362 unum
657 3295 717 3360 illa
737 3293 846 3359 omnia
863 3293 1038 3375 scripsisse
1054 3291 1248 3375 Cephalam
1273 3292 1391 3375 quippe

271 3421 344 3470 oum
369 3421 500 3485 ,semper
525 3402 561 3468 iu
588 3399 653 3466 fine
682 3399 933 3467 adnotationum
962 3401 1097 3467 brevem
1125 3399 1390 3482 explicationem,

271 3509 437 3576 interdum
459 3509 719 3591 paraeneticum,
743 3507 880 3573 aduecti
903 3506 1083 3574 videamus.

358 3616 433 3682 Iam
461 3615 635 3698 primarios
666 3613 777 3680 fontes
801 3620 987 3680 ceterorum
1010 3614 1155 3696 capitum
1180 3614 1242 3679 hoc
1265 3631 1392 3695 quoque

271 3720 383 3787 libello
407 3721 642 3802 quaerentibus
666 3741 687 3785 a
703 3720 867 3804 Meleagri
883 3739 1023 3786 coronae
1039 3719 1204 3802 poematis
1221 3718 1391 3784 undecimo

272 3827 383 3911 capite
415 3827 561 3894 servatis
592 3826 762 3909 capiamus
793 3826 973 3893 exordium.
1028 3827 1113 3894 Sunt
1146 3831 1256 3893 autem
1291 3826 1389 3891 haec:

358 3936 427 4002 XI.
455 3939 504 4001 12.
527 3933 657 4000 Alcaei.

363 4045 436 4108 123.
464 4039 598 4124 Hedyli.

363 4155 435 4215 158.
460 4146 647 4229 Antipatri.
665 4145 824 4230 (tortasse
847 4145 1156 4215 Thessalonicensis
1179 4163 1221 4211 ex
1245 4145 1391 4229 Philippi

272 4255 418 4347 corona).

363 4370 434 4428 195.
456 4359 673 4428 Dioscoridis.

361 4473 436 4535 218.
462 4467 624 4536 Cratetis.
