3460 5218
743 525 939 582 ..9-

366 694 526 764 Videmus
542 693 647 779 igitur
663 695 768 763 codici
786 697 964 794 Lucianeo,
990 718 1052 780 quo
1069 700 1210 768 Photius
1229 703 1398 776 utebatur,

279 801 518 888 praescriptum
546 801 650 869 inisse
678 803 740 869 hoc
772 805 990 887 epigramma,
1022 825 1127 888 neqne
1158 808 1398 890 praefationem

280 929 354 977 esse
380 909 654 993 epigrammatum
682 910 787 976 libelli
814 911 998 994 cuiusdam,
1028 913 1087 979 sed
1116 916 1211 996 quasi
1241 935 1400 984 summam

278 1017 469 1085 Lucianeae
497 1017 725 1100 philosophiae
753 1018 787 1083 in
818 1019 880 1084 dno
905 1019 1050 1086 disticha
1073 1024 1342 1104 comprehensam
1364 1033 1400 1090 et
1444 1018 1448 1027 '

280 1144 321 1192 ex
344 1125 410 1191 alio
434 1124 575 1206 quodam
596 1125 709 1191 libello
734 1125 962 1208 depromptam
985 1131 1020 1192 et
1038 1125 1180 1195 Luciani
1204 1131 1401 1212 scriptorum

280 1231 408 1314 corpori
436 1231 564 1297 cnidam
593 1231 743 1297 additam
771 1239 920 1315 apparet.
972 1232 1038 1300 Sed
1068 1234 1200 1302 minimo
1231 1237 1401 1304 adsentior

281 1338 400 1414 Settio‚
417 1337 473 1419 qui
485 1337 689 1428 epigramma
704 1345 893 1422 propterea,
911 1340 1005 1423 quod,
1023 1347 1060 1407 ut
1076 1341 1148 1424 ipse
1163 1350 1271 1424 putat,
1285 1364 1399 1427 parum

282 1445 443 1512 Lucianei
458 1445 585 1528 ingenii
600 1446 760 1524 redoleat,
778 1446 1007 1514 Samosatensi
1023 1449 1194 1533 sophistae
1210 1453 1401 1518 abiudicare

280 1553 409 1628 studet,
438 1553 501 1618 hoc
524 1551 620 1618 simul
650 1552 846 1632 meditatus,
875 1573 950 1620 num
979 1554 1124 1622 fortasse
1152 1557 1401 1642 epigrammatis

280 1659 411 1726 initium
424 1679 465 1726 ex
478 1660 555 1724 aliis
571 1660 767 1740 quibusdam
782 1660 957 1728 versiculis
977 1664 1088 1744 procul
1107 1663 1203 1731 dubio
1220 1665 1401 1748 genuinis)

370 1765 546 1842 Λουκιανὸς
577 1767 649 1830 τάδε
681 1768 784 1831 πάντα
815 1774 907 1846 φίλος
936 1767 1104 1849 μακάρεσσι
1135 1778 1254 1834 θεοῖσιν

369 1874 428 1937 εἶδέ
460 1897 491 1936 τε
522 1879 572 1936 καὶ
595 1873 689 1937 πάλιν
712 1867 788 1954 ἦλθε
811 1874 866 1954 ἑὴν
888 1877 919 1950 ἐς
941 1880 1074 1956 πατρίδα
1101 1893 1203 1955 γαῖαν,

279 1982 437 2049 iteratum
463 1980 516 2048 sit.
562 1981 648 2047 Nam
680 1983 708 2048 si
732 1983 842 2064 paullo
867 1984 1057 2050 accuratius
1079 1987 1185 2051 verba
1207 1985 1400 2068 inspexeris,

279 2089 407 2156 videbis
425 2094 533 2156 totum
551 2089 755 2172 epigramma
774 2089 915 2156 Luciani
931 2090 1036 2157 iocum
1049 2092 1208 2174 resipere;
1226 2093 1402 2175 praecipue

279 2198 313 2263 in
325 2197 386 2263 illa
397 2195 513 2260 παλαιά
525 2219 556 2259 τε
567 2195 660 2277 μωρὰ
674 2220 704 2260 τε
717 2196 806 2272 εἰδώς
824 2198 1054 2264 coniunctione
1068 2218 1131 2264 non
1148 2199 1312 2281 haerebis,
1330 2218 1399 2266 curn

280 2303 578 2389 praeclarissimum
605 2304 762 2387 oxymori,
788 2305 874 2385 quod
901 2305 1030 2380 dicitur,
1058 2305 1240 2388 exemplum
1264 2306 1400 2372 habeas.

280 2412 467 2478 Premenda
483 2431 557 2478 mea
577 2412 705 2492 quidem
729 2412 899 2479 sententia
921 2419 999 2478 sunt
1014 2415 1127 2480 verba:
1149 2408 1217 2476 ἀλλ’
1236 2410 1254 2477 ὃ
1271 2413 1310 2476 σὺ
1324 2421 1402 2477 θαυ-

279 2521 398 2598 μάζεις,
435 2518 526 2581 τοῦθ’
551 2518 679 2596 ἑτέροισι
702 2522 814 2597 gildam
848 2520 969 2596 editor,
998 2521 1054 2601 qui
1081 2519 1228 2602 Lucieno
1256 2521 1308 2585 his
1331 2539 1401 2588 ver·

281 2629 372 2694 sibus
387 2627 585 2694 maledicere
600 2627 717 2704 voluit,
742 2635 780 2693 nt
796 2627 926 2694 Settius
948 2629 1144 2706 arbitratur,
1169 2628 1316 2695 Luciano
1337 2646 1402 2693 non

280 2735 462 2814 maledixit,
487 2735 583 2800 immo
608 2753 680 2800 eum
704 2734 867 2802 laudavit.
915 2736 1031 2818 Neque
1048 2737 1214 2817 quadrant
1240 2736 1400 2818 exempla,

282 2844 403 2924 quihus
427 2842 619 2909 confirmare
644 2842 768 2916 studet,
792 2844 977 2926 comparari
992 2862 1090 2926 posse
1110 2844 1313 2927 epigramma
1330 2862 1401 2908 cnm

282 2951 387 3016 Anth.
404 2949 476 3014 Pal.
497 2951 564 3016 IX.
585 2954 657 3014 185.
690 2949 833 3033 (Settius
848 2969 908 3032 per
923 2969 1067 3016 errorem
1086 2952 1184 3036 lau),
1209 2956 1292 3026 186,
1320 2953 1400 3023 190,

281 3057 368 3133 aliia,
393 3056 510 3138 quibus
534 3056 700 3123 dedicatio
724 3057 829 3123 libelli
853 3057 1021 3125 cuiusdam
1039 3057 1253 3139 (Archilochi,
1270 3056 1400 3122 Aristo·

281 3165 410 3248 phanis,
434 3164 595 3246 Erinnae)
618 3164 793 3231 versiculis
810 3171 961 3242 ornatur3
986 3184 1147 3247 nusquam
1168 3165 1253 3231 enim
1270 3183 1311 3230 ex
1326 3182 1401 3246 poe·

281 3278 339 3338 tae
362 3271 467 3354 ipsius
489 3277 599 3338 mente
624 3273 727 3338 verba
749 3270 830 3338 ficta
853 3277 939 3338 sunt.

369 3380 491 3460 Itaque
515 3397 585 3446 cum
611 3379 821 3463 gravioribns
854 3379 1060 3462 argumentis
1083 3397 1147 3445 non
1175 3377 1400 3460 impediamur,

284 3487 454 3568 quominus
476 3486 617 3553 Luciani
641 3487 816 3570 genuinum
841 3493 994 3568 putemus
1015 3486 1229 3570 epigramma,
1252 3483 1401 3550 Luciano

282 3612 466 3674 servemus3
498 3594 604 3660 locum
636 3599 748 3659 antem
782 3593 900 3671 habuit
928 3593 962 3660 in
984 3593 1149 3660 volumine
1173 3591 1310 3672 quodam
1336 3589 1400 3654 Lu·

283 3702 407 3775 cianeo,
432 3719 525 3782 quem
550 3700 648 3767 hodie
671 3700 738 3765 iam
761 3718 825 3766 non
849 3700 1008 3767 novimus.

371 3809 414 3876 In
444 3815 540 3875 sexto
570 3806 797 3892 Anthologiae
829 3807 1010 3873 Palatinae
1043 3805 1153 3888 capite
1185 3803 1318 3887 duplex·
1334 3802 1400 3868 Lu·

284 3915 379 3984 ciano
403 3915 606 4000 epigramma
630 3914 798 3982 tribuitur.

370 4023 433 4092 VI.
455 4029 505 4088 17.
523 4022 588 4109 (49.
600 4023 743 4101 Jacob).
760 4058 797 4068 -
814 4021 990 4088 Planndea
1005 4018 1117 4085 omisit
1133 4019 1343 4102 epigramma.
1357 4054 1399 4066 -

285 4129 441 4197 Obscena
463 4139 516 4197 est
539 4130 685 4196 imitatio
700 4128 952 4215 epigrammatis
967 4127 1136 4193 Leonidae
1152 4123 1326 4192 Tarentini
1341 4125 1399 4192 VI.

287 4244 348 4322 13,
380 4257 475 4320 quem
500 4243 677 4322 praeterea
705 4237 925 4304 imitabantur
949 4233 1102 4317 Satyrius
1127 4232 1221 4318 (lt),
1249 4231 1401 4298 Iulianus

374 4467 682 4536 ammam
