3460 5218
734 560 952 617 ..41-

369 730 508 812 1ζευάπ’
535 736 724 812 αἰγείροισιν,
748 733 813 796 ἐπεὶ
837 730 942 807 κάμες,
967 728 1086 806 ἐνθάδ’,
1111 727 1210 806 ridicu,

412 845 462 903 καὶ
484 836 551 903 πῖθ’
578 837 676 904 ἆσσον
698 838 758 903 loir
780 843 915 915 πίδακος
939 837 1096 918 ἁμετέρας.

367 950 481 1024 μνάσοιι
505 951 538 1010 δὲ
561 947 683 1026 κράναν
706 952 757 1009 κιι1
781 945 952 1026 ἀπόπροθι,
978 941 998 1028 ᾇ
1021 947 1071 1009 ἐπὶ
1096 952 1198 1030 Γίλλῳ

412 1062 513 1130 Σῖμος
536 1050 744 1138 ἀποφθιμένῳ
768 1057 854 1117 παιδὶ
878 1051 1088 1133 παριδράεται.

280 1181 352 1228 cum
376 1166 454 1226 330:
480 1159 605 1241 Κράνας
627 1157 765 1242 εὐύδρου
783 1212 788 1224 ,
882 1161 1007 1222 ἔστοσὲν
1029 1183 1066 1236 με
1086 1166 1206 1236 Σίμων,
1232 1208 1239 1223 .
1259 1156 1401 1225 ...ὅσον

278 1269 402 1343 ποθέεις
424 1263 488 1330 άπὸ
511 1268 629 1346 κράνος
651 1267 662 1350 l
684 1271 736 1329 καὶ
758 1274 807 1330 πίε
830 1271 880 1329 καὶ
903 1263 1014 1329 κοιλάν
1036 1265 1149 1329 κάλπιν
1171 1265 1254 1330 tado
1280 1265 1399 1346 dpc'our.

280 1413 322 1423 -
337 1375 460 1456 Itaque
475 1373 546 1440 iure
563 1373 857 1441 Stadtmuellerum
874 1373 1054 1440 coniecisse
1072 1392 1265 1455 persuasum
1284 1373 1400 1442 habeo.

279 1500 384 1562 neque
406 1479 592 1546 inauditam
615 1498 689 1546 esse
714 1479 931 1546 mutationem
956 1485 1176 1543 NIKAPXOY
1195 1479 1406 1545 111Ν1111011

279 1606 318 1655 eo
352 1586 531 1662 evincitur,
570 1587 656 1669 quod
691 1587 880 1654 contrariae
918 1586 1183 1652 commutationis
1220 1587 1401 1669 exemplum

278 1694 437 1760 habemus
465 1693 531 1759 XI.
557 1698 642 1770 398,
671 1693 728 1758 nbi
755 1692 896 1776 legimus
924 1693 958 1758 in
989 1692 1146 1758 lemmate
1174 1699 1300 1775 Νικίου;
1331 1712 1399 1760 rec·

279 1800 409 1866 tissime
433 1807 545 1866 autem
568 1800 738 1866 Planudes
762 1801 833 1868 sive
858 1798 999 1865 tradidit
1023 1799 1095 1867 sive
1117 1800 1269 1867 restituit
1286 1801 1401 1881 Νικάρ-

278 1930 349 1985 χου.
376 1946 413 1956 -
441 1908 493 1973 Ex
517 1908 567 1973 eis
589 1907 710 1974 Niciae
734 1907 996 1991 epigrammatis,
1029 1926 1114 1989 quae
1137 1908 1227 1974 solus
1250 1909 1401 1975 servavit

279 2014 448 2080 Planudos
472 2015 584 2094 (XVI.
612 2021 682 2079 188.
711 2018 807 2098 181),
832 2014 915 2081 nihii
938 2014 1146 2101 lucramnr¹).

368 2119 491 2186 Cetera
525 2121 783 2203 epigrammata,
823 2139 909 2202 quae
946 2121 1113 2186 Nicarcho
1149 2127 1208 2186 aut
1242 2121 1400 2188 Palatino

279 2233 339 2292 aut
355 2226 526 2293 Marciano
550 2226 718 2292 codicibus
739 2225 872 2306 dantur,
898 2226 1070 2292 admodum
1094 2227 1213 2294 dubiae
1237 2233 1316 2294 sunt
1339 2227 1401 2294 ori-

278 2332 373 2416 ginis.
429 2332 550 2400 Omnia
581 2332 681 2412 enim,
717 2351 802 2413 quae
837 2352 905 2398 una
935 2333 1141 2417 Anthologia
1175 2341 1214 2400 nt
1244 2332 1401 2399 ἀδέσποτα

278 2439 346 2506 tert
375 2457 523 2521 quaeque
551 2439 586 2505 in
615 2439 725 2506 altera
749 2439 913 2519 Νικάρχου
941 2440 1107 2521 feruntur,
1136 2447 1256 2524 poetae
1283 2461 1400 2508 nomen

279 2553 371 2613 certe
399 2567 440 2614 cx
467 2547 659 2614 coniectura
686 2546 816 2613 librarii
846 2552 906 2613 aut
934 2547 1160 2614 lemmatistae
1189 2559 1398 2631 acceperunt.

277 2655 400 2735 Itaque
431 2673 472 2719 ex
502 2655 555 2720 his
589 2672 708 2720 novum
742 2653 868 2737 fingere
899 2653 1116 2734 Nicarchum,
1152 2656 1207 2736 qui
1237 2655 1401 2739 Meleagri

279 2778 421 2825 coronae
445 2760 689 2841 adnumeretur,
715 2759 794 2825 mihi
818 2760 950 2840 quidem
966 2760 1106 2826 veritati
1122 2761 1320 2844 respondere
1335 2780 1400 2827 non

281 2865 423 2933 videtur.
461 2866 618 2950 Inprimis
641 2867 676 2932 in
700 2867 1043 2943 carmineVlI.159.,
1068 2866 1152 2949 quod
1172 2868 1205 2934 in
1226 2868 1401 2934 Planudea

280 2970 456 3038 ἀδέσποτον
478 2975 634 3040 lemmate
650 2973 814 3057 signatur,
840 2983 931 3040 certe
949 2975 1096 3040 auctoris
1111 2992 1229 3040 nomen
1244 2974 1278 3039 in
1294 2975 1400 3041 medio

278 3079 526 3162 relinquendum
553 3085 621 3157 est;
654 3080 868 3163 epitymbium
899 3080 985 3146 enim
1014 3086 1049 3147 et
1077 3080 1258 3146 encomium
1286 3087 1339 3146 est
1366 3080 1400 3146 in

279 3188 502 3271 Telephanem
532 3188 694 3268 anletam,
726 3187 781 3269 qui
810 3187 956 3254 fortasse
984 3187 1071 3254 idem
1098 3193 1152 3254 est
1184 3193 1285 3269 atque
1317 3187 1400 3254 cele·

277 3295 438 3361 berrimus
461 3294 518 3360 ille
541 3293 760 3377 Telephanes
790 3293 843 3361 cui
866 3294 1123 3375 Demosthenes
1153 3293 1240 3374 quod
1269 3295 1401 3360 chorum

279 3401 401 3484 optime
432 3401 605 3481 docuerat,
640 3400 771 3484 gratias
803 3400 874 3484 egit
907 3419 1004 3483 quam
1035 3400 1197 3466 maximas
1206 3403 1241 3482 2).
1296 3400 1400 3466 Porro

279 3508 412 3574 etiamsi
435 3508 596 3574 Nicarchi
618 3527 736 3573 nomen
758 3513 852 3574 recto
877 3513 988 3574 staret
1010 3507 1090 3585 talo,
1120 3513 1235 3572 tamen
1259 3506 1399 3572 alterum

278 3621 412 3699 poetam
439 3615 564 3700 fingere
591 3615 722 3681 minime
751 3633 832 3697 opus
861 3620 967 3692 esset;
995 3633 1135 3694 namque
1163 3614 1270 3679 locum
1297 3614 1400 3680 habet

279 3722 482 3806 epigramma
505 3726 581 3806 post
604 3721 825 3805 Philippicum
853 3727 988 3803 poetam
1012 3719 1188 3802 (Isidorum
1211 3723 1399 3802 Aegeatem

281 3831 366 3911 156.)
389 3835 425 3896 et
449 3835 504 3895 sat
528 3848 681 3912 magnum
704 3846 873 3894 numerum
897 3824 1025 3907 ἀδήλων
1041 3830 1247 3908 (151.-155.
1264 3863 1307 3875 -
1327 3834 1398 3891 153.

278 3933 420 4016 Ὁμήρου,
445 3939 475 4000 οἱ
495 3939 527 3999 di
544 3935 747 4012 Κλεοβούλου
763 3937 820 3998 τοί
837 3932 1000 4000 Αιυδίουῗῑ
1014 3971 1056 3982 -—
1074 3939 1145 3997 157.
1162 3935 1258 4018 158.).
1282 3933 1399 4016 Neque

277 4061 357 4108 vero
385 4043 486 4109 aliter
512 4062 567 4109 res
595 4061 632 4109 se
659 4042 763 4109 habet
786 4040 820 4108 in
845 4041 967 4108 ceteris
990 4040 1056 4107 illis
1080 4039 1257 4123 poematiis
1280 4040 1396 4120 dubiis

371 4219 392 4287 ¹)
410 4223 525 4288 propter
542 4217 660 4273 ionicum
679 4217 829 4273 dialectum
847 4233 898 4286 pro
917 4216 1019 4286 spuriis
1037 4216 1160 4272 habeam.

368 4305 551 4378 ²)Demosth.
575 4306 650 4363 XXI.
676 4307 718 4364 17.
752 4307 862 4378 (Athen.
882 4305 958 4362 V111.
983 4306 1035 4360 351
1047 4305 1077 4360 Ε.
1103 4305 1176 4361 Plnt.
1203 4303 1237 4361 de
1261 4319 1329 4360 mur.
1353 4306 1397 4372 21,

280 4395 393 4452 nasa
417 4394 581 4465 Harpocrat.
607 4412 629 4452 ι.
648 4411 674 4450 v.
693 4393 847 4451 Guhruuer.
867 4395 912 4451 JJ.
934 4394 1202 4464 θσρρ1.11111.34θ.
1227 4391 1340 4448 Reiseh:
1364 4393 1397 4450 do

279 4483 392 4540 musicis
411 4485 507 4540 Graec.
527 4489 640 4541 certem.
659 4499 685 4553 p.
707 4485 749 4539 55.
769 4483 831 4538 adn.
851 4485 887 4553 θ.)
