3460 5218
790 516 1009 576 ..56-

425 693 534 770 doipoo
556 686 574 753 ὃ
599 687 758 766 Νειλαιεὺς
779 691 891 763 πέμπει
914 686 1128 754 ἀοιδοπόλων.

425 797 511 864 Eum
533 796 673 863 Romam
700 815 737 862 se
766 795 945 862 contulisse
974 800 1115 877 apparet
1143 814 1184 861 ex
1215 794 1459 878 epigrammate

335 904 403 970 IX.
429 910 508 968 3442

422 1003 479 1073 Ἦν
502 1008 599 1074 ὁπότε
622 1023 811 1090 γραμμαῐσιν
833 1007 909 1089 ἐμὴν
932 1011 1031 1088 φρένα
1053 1015 1177 1083 μοι’νον
1200 1008 1339 1088 ἔτερπον,

471 1115 539 1180 οὐδ’
566 1113 645 1196 ὄναρ
669 1116 839 1194 elysaeus
862 1114 1020 1196 γνώριμος
1042 1115 1212 1190 'Italidum

424 1220 516 1286 Ἀλλὰ
540 1231 639 1288 τανῦν
661 1222 826 1287 πάντεσσιν
849 1223 994 1302 ἐράσμιος
1011 1245 1019 1260 ·
1036 1220 1096 1299 ὀψὲ
1120 1221 1179 1302 γὰρ
1203 1222 1315 1300 ἔγνων,

470 1327 614 1394 ὅπποσον
642 1330 798 1411 Οὐρανίην
821 1330 984 1410 Καλλιόπη
1007 1309 1188 1410 πρρςοὲρει,Ι

335 1436 391 1503 ubi
415 1455 451 1503 se
475 1437 551 1503 olim
576 1436 830 1520 grammaticam
853 1436 1037 1518 professum
1060 1435 1285 1517 Romanisque
1309 1434 1458 1517 ignotum

335 1543 439 1610 fuisse
463 1548 611 1620 enarrat,
636 1563 722 1609 nunc
746 1550 857 1609 autem
882 1561 919 1610 se
940 1544 1082 1609 omnium
1097 1561 1209 1608 amore
1225 1541 1349 1608 florere.
1386 1538 1458 1623 Quo

336 1656 484 1732 tempore
506 1649 643 1731 vixerit,
678 1656 820 1732 apparet
842 1650 929 1716 satis
953 1669 994 1716 cx
1018 1650 1259 1732 epigrammate
1281 1648 1348 1714 IX.
1374 1653 1457 1724 355„

336 1777 398 1838 quo
415 1757 592 1838 Poppaeae
609 1757 755 1825 Sabinae
771 1758 949 1841 Augustae
965 1755 1050 1822 diem
1066 1755 1215 1821 natalem
1231 1741 1457 1834 concelebrat,

335 1883 433 1946 quam
458 1882 530 1930 oum
551 1864 643 1929 Nero
668 1882 753 1929 anno
776 1883 808 1946 p.
834 1863 910 1929 Chr.
935 1883 966 1929 n.
994 1869 1045 1927 61.
1070 1862 1103 1927 in
1132 1861 1375 1929 matrimonium
1399 1860 1456 1925 du-

335 1971 438 2045 xerit,
466 1971 559 2036 intra
586 1971 672 2036 hunc
700 1989 820 2036 annum
845 1976 880 2036 et
905 1976 968 2044 64.,
998 1989 1060 2052 quo
1084 1970 1267 2036 interfecta
1290 1974 1357 2048 est,
1388 1967 1455 2049 epi-

335 2096 485 2161 gramma
512 2078 594 2144 illud
621 2077 811 2144 necessario
840 2081 892 2142 est
925 2077 1155 2160 conscriptum.
1205 2075 1457 2158 Epigrammate

334 2184 397 2253 VI.
423 2189 497 2247 329.
530 2183 737 2267 Agrippinae
768 2202 904 2250 munera
934 2183 1097 2249 natalicia
1131 2182 1312 2249 versiculos
1347 2179 1455 2261 offert,

336 2309 433 2372 quam
464 2291 686 2373 Agrippinam
717 2291 859 2357 Neronis
894 2297 1034 2356 matrem
1071 2309 1144 2356 esse
1175 2289 1358 2358 verisimile
1393 2295 1457 2353 est.

335 2397 451 2463 Etiam
473 2398 553 2464 Iulii
580 2397 786 2481 gentilicium
815 2417 932 2463 nomen
962 2397 1031 2463 eius
1060 2416 1133 2463 curn
1157 2396 1298 2467 Claudia
1328 2394 1457 2461 familia

337 2505 564 2571 commercium
583 2509 744 2570 ostentat.
777 2505 912 2572 Vixisse
928 2506 1060 2573 videtur
1076 2523 1178 2586 usque
1194 2505 1238 2569 ad
1255 2503 1457 2584 Vespasiani

335 2611 468 2678 velTiti
479 2613 714 2693 imperatorum
726 2617 1046 2694 tempora3namque
1058 2612 1455 2695 epigrammatelX.349.
1555 2643 1558 2648 ·

334 2719 527 2800 imperatori
543 2719 586 2783 ad
603 2738 708 2799 aquas
721 2717 866 2786 Cutilias
878 2720 1041 2785 natalicia
1055 2719 1239 2785 celebranti
1252 2719 1454 2801 gratulatur.

335 2822 462 2907 Quibus
483 2826 620 2891 thermis
637 2826 867 2908 Vespasianus
887 2846 965 2892 usus
982 2833 1036 2892 est
1057 2847 1088 2890 a.
1108 2831 1158 2892 78.
1181 2827 1292 2907 ibique
1308 2831 1456 2892 mortuus

334 2936 396 3013 est,
422 2933 508 3011 quod
532 2933 633 2998 etiam
657 2933 735 2998 Tito
759 2933 921 3019 accidit¹).
1086 2933 1088 2938 ’

424 3039 622 3121 Philippeae
656 3039 761 3122 igitur
799 3059 940 3106 coronae
985 3041 1232 3106 adnumeranda
1268 3048 1346 3105 sunt
1390 3039 1456 3122 epi·

334 3154 524 3227 grammata
556 3145 641 3222 eius,
674 3152 851 3228 antequam
885 3148 1024 3213 Romam
1056 3147 1219 3222 venisset,
1256 3147 1455 3229 conscripta,

334 3251 594 3335 Diogenianeae‚
620 3272 705 3333 quae
728 3254 855 3319 Romae
879 3255 1070 3336 composuit.
1119 3253 1220 3320 Cadit
1244 3254 1347 3335 igitur
1364 3254 1455 3319 Wei-

336 3359 451 3441 gandii
482 3360 660 3441 sententie,
693 3360 799 3442 ipsum
831 3360 1011 3442 Cephalum
1035 3362 1205 3428 Leonidae
1235 3361 1377 3439 ἰσόψηφα
1401 3381 1455 3426 ex-

335 3465 508 3547 cerpsisse.
1433 3555 1434 3558 Ἴ

423 3572 586 3654 Ultimus,
625 3573 665 3638 de
700 3573 791 3639 cuius
824 3574 1076 3658 epigrammatis
1112 3575 1269 3657 scepticis
1300 3575 1456 3641 iudicium

333 3678 421 3746 ierne
444 3697 630 3761 possumus
655 3680 796 3752 Strato
821 3689 873 3746 est
898 3681 1090 3748 Sardianus.
1139 3681 1259 3764 Capite
1277 3681 1454 3747 undecimo

334 3787 417 3852 haec
441 3786 511 3853 eius
536 3787 777 3870 epigrammata
801 3789 1026 3854 continentur:

422 3894 489 3959 XI.
525 3901 576 3958 19.
603 3900 653 3958 21.
680 3901 747 3980 22.⁷
778 3897 985 3962 antecedunt
1009 3896 1168 3961 Nicarchi
1201 3898 1453 3978 epigrammata.

335 4008 517 4080 sequuntur
532 4001 717 4084 Philippeo,
742 4003 858 4084 itaque
881 4003 969 4068 haud
986 4003 1103 4068 mirum
1120 4008 1182 4084 est,
1206 4003 1273 4068 iarn
1289 4004 1350 4068 hoo
1373 4004 1453 4077 loco,

334 4106 575 4188 epigrammate
593 4114 653 4187 20.,
678 4115 716 4175 ut
740 4128 840 4191 supra
866 4112 954 4195 (pag.
972 4108 1039 4194 49.)
1057 4110 1209 4186 vidimus,
1234 4109 1453 4192 Philippeum,

333 4232 450 4295 nempe
473 4215 694 4297 Antipatrum
717 4217 1056 4290 Thessalonicensem,
1084 4217 1196 4282 videri

425 4445 447 4512 l)
467 4444 604 4514 Meineke‚
623 4447 745 4515 prolusio
764 4448 798 4503 de
817 4447 962 4516 utriusque
982 4447 1095 4504 Leonid.
1116 4447 1204 4518 epigr.
1226 4449 1302 4503 1791.
