3460 5218
822 517 1043 576 ..60-

369 689 524 772 Adparet
547 689 610 755 hoc
633 687 837 774 epigramma
859 689 1018 772 prooemii
1041 691 1112 756 loco
1136 689 1203 756 toti
1225 688 1384 756 volumini
1398 706 1494 771 pree·

368 796 467 862 fixum
490 795 609 874 fuisse;
633 795 707 862 ideo
732 796 836 862 etiam
859 795 941 863 ferri
964 795 1074 879 potuit
1089 797 1230 863 metrica
1245 795 1361 876 forma,
1377 813 1495 877 nempe

369 903 557 976 distichum,
583 921 656 970 cum
678 907 794 970 cetera
816 903 985 986 poematia
1010 903 1238 970 hexametrica
1262 907 1385 969 essent.

458 1008 730 1088 Stembachins1)
755 1028 797 1075 ex
816 1008 991 1095 Agathiae
1014 1009 1136 1092 verbis,
1166 1029 1252 1092 quae
1272 1010 1384 1093 paullo
1407 1006 1496 1075 infra

370 1121 560 1198 sequuntur,
577 1115 739 1183 conclusit
757 1115 894 1200 Cyclum
912 1122 992 1183 ante
1007 1117 1207 1199 Daphniaca
1231 1116 1385 1184 emissum
1409 1133 1494 1182 esse.

368 1223 457 1293 Vide
480 1223 528 1289 sis
550 1221 736 1306 Agathiam
752 1223 774 1288 l.
792 1223 827 1304 1.,
859 1223 915 1288 ubi
943 1222 1068 1306 pergit:
1095 1223 1183 1301 ἔδοξε
1207 1226 1240 1287 δέ
1261 1247 1315 1300 μοι
1338 1221 1496 1304 πρότερον

368 1327 496 1393 κάκεῖνο
527 1328 708 1406 ἀξιέπαινόν
739 1353 768 1392 τι
799 1329 952 1393 εἶναικαὶ
983 1327 1041 1393 οὐκ
1073 1327 1180 1411 ἄχαρι,
1212 1333 1243 1394 ai'
1270 1355 1302 1409 γε
1334 1337 1401 1393 τῶν
1432 1331 1495 1392 ἐπι-

369 1437 565 1518 γραμμάτων
595 1433 635 1498 τὰ
666 1433 808 1516 ἀρτιγενῆ
831 1442 882 1500 καὶ
913 1435 1048 1518 νεώτερα
1080 1437 1337 1502 διαλανθάνοντα
1361 1437 1412 1512 ἔτι,
1445 1442 1496 1499 καὶ

369 1543 471 1625 χύδην
504 1541 624 1608 οὑτωσὶ
654 1545 728 1622 παρ’
753 1544 846 1618 ἐνίοις
869 1540 1173 1624 ὖποψιθνριζόμινα,
1206 1542 1360 1624 ἆγείραιιμί
1388 1568 1422 1607 τε
1453 1541 1496 1618 ὡς

369 1651 440 1714 οῑόν
464 1673 494 1713 τε
517 1651 548 1725 ἐς
570 1647 700 1724 ταύτὸν,
732 1654 784 1712 καὶ
808 1647 1022 1731 ἀναγράψαιμι
1050 1651 1163 1715 ἕκαστοι
1186 1653 1220 1716 ἐν
1250 1651 1360 1738 κόσμῳ
1383 1649 1495 1715 ἀποκι-

370 1759 508 1838 κριμὲνιι.

460 1862 605 1945 Scripsit
627 1863 712 1929 haec
735 1864 839 1930 verba
856 1863 1029 1948 Agathino
1052 1869 1129 1946 post
1152 1865 1335 1932 Iustiniani
1357 1870 1494 1931 mortem

370 1972 548 2037 amicornm
572 1971 725 2053 precibus
749 1976 939 2054 commotus,
964 1975 1002 2036 nt
1018 1971 1248 2038 Iustinianeae
1273 1972 1400 2038 aetatis
1420 1990 1495 2038 con·

370 2078 532 2144 scriberet
555 2077 739 2144 historiam.

459 2185 600 2251 Poetam
635 2187 751 2250 natum
787 2203 860 2250 esse
896 2203 980 2250 anuo
1017 2185 1152 2251 circiter
1185 2191 1259 2248 536.
1291 2205 1322 2267 p.
1356 2184 1432 2252 Chr.
1465 2205 1494 2250 n.

369 2296 462 2358 reete
475 2291 598 2356 statuit
611 2279 839 2372 Teuffeiius²);
857 2295 892 2356 et
909 2310 981 2356 cnm
997 2292 1143 2374 spatium
1160 2291 1321 2373 quoddam
1337 2291 1495 2374 temporis

370 2398 507 2465 intersit
538 2399 627 2462 inter
649 2397 831 2464 Iustiniani
855 2404 993 2463 mortem
1018 2405 1053 2465 et
1081 2398 1115 2463 id
1143 2406 1282 2480 tempus
1316 2417 1378 2480 qno
1401 2398 1495 2483 Aga-

368 2505 461 2572 thias
483 2504 672 2570 Historiam
701 2523 893 2586 componere
922 2504 1042 2587 coepit,
1067 2524 1210 2570 -nam
1242 2504 1324 2571 dicit
1352 2512 1496 2572 naturae

369 2613 511 2679 indolem
535 2610 702 2694 ingenium
719 2612 762 2676 ad
777 2612 901 2693 poesim
924 2612 1025 2679 valde
1042 2613 1178 2689 ducere3
1196 2617 1231 2678 et
1248 2631 1284 2677 re
1300 2630 1382 2678 vera
1399 2613 1496 2678 amici

369 2738 429 2802 per
443 2719 576 2801 longum
592 2723 722 2799 tempus
739 2719 782 2781 ab
795 2736 833 2782 eo
845 2718 1047 2800 petiverunt,
1065 2724 1104 2786 nt
1115 2719 1304 2785 Historiam
1318 2719 1495 2796 scriberet3

369 2846 446 2892 nam
471 2833 576 2901 certe,
609 2844 682 2890 cnm
711 2844 796 2891 enno
830 2831 902 2890 582.
935 2825 1084 2900 obiisset,
1117 2844 1198 2907 opus
1229 2827 1272 2892 ad
1300 2825 1396 2892 finem
1424 2845 1495 2910 per-

371 2933 521 2998 duxisset
612 2932 762 3013 equidem
786 2932 973 3015 Agathiam
993 2932 1183 2999 Historiam
1211 2934 1420 2999 scribendam
1447 2934 1495 2999 in-

376 3041 514 3106 cohasse
537 3046 618 3122 puto
642 3037 764 3105 circum
789 3058 909 3105 annum
935 3045 1020 3116 576..
1045 3040 1157 3114 idest,
1183 3059 1255 3105 cnm
1270 3041 1497 3125 qnadraginta

370 3146 442 3212 iere
477 3165 581 3226 annos
615 3151 716 3212 natus
757 3153 859 3212 esset.
922 3147 1044 3227 Itaque
1084 3166 1154 3212 cum
1196 3147 1287 3213 dicat
1321 3147 1409 3225 ἔδοξέ
1442 3171 1495 3224 μοι

368 3253 537 3334 πρότερον,
563 3252 602 3318 de
625 3252 800 3319 inventute
825 3271 885 3318 sua
908 3253 1067 3333 loquitur;
1092 3253 1151 3318 sed
1174 3273 1248 3319 mea
1273 3237 1402 3335 quidem
1424 3274 1495 3320 sen·

371 3361 482 3426 tentia
498 3379 572 3441 non,
591 3366 628 3425 ui
645 3359 884 3426 Sternbachius
900 3360 1024 3426 voluit:
1043 3359 1282 3440 πρότεροντῶν
1299 3365 1494 3438 deponentia,

370 3485 447 3532 num
471 3486 544 3533 cum
569 3466 696 3549 apertis
719 3467 831 3534 verbis
855 3472 957 3532 antea
974 3466 1114 3532 dixisset
1134 3467 1308 3530 ἐκπαίδων
1331 3476 1378 3552 τῷ
1400 3467 1495 3552 ἡρώῳ

370 3574 484 3656 ῥυθμῷ
508 3567 667 3649 ἀνειμένος
691 3592 763 3638 eum
787 3580 867 3640 ante
891 3575 953 3638 hoc
968 3577 1109 3655 tempus,
1135 3579 1172 3639 ut
1198 3573 1397 3640 infantulum
1413 3574 1494 3657 iere,
1553 3611 1555 3616 ·

369 3698 486 3747 versus
510 3680 631 3745 fecisse
653 3680 833 3747 verisimile
856 3699 921 3745 non
945 3685 1008 3746 est.
1054 3679 1160 3763 Quam
1185 3681 1386 3746 sententiam
1410 3700 1494 3747 eom·

371 3786 685 3878 probarelvidentur
700 3787 776 3868 ipsa
791 3787 964 3870 Agathiae
980 3789 1095 3861 verba,
1112 3805 1198 3867 quae
1215 3787 1280 3852 iam
1298 3794 1493 3868 sequuntur:

370 3899 421 3956 καὶ
445 3890 505 3956 οὖν
529 3891 567 3974 δὴ
590 3899 641 3980 καὶ.
664 3893 747 3959 τόδε,
760 3917 814 3969 μοι
837 3893 1044 3955 ἐκτετέλεσται
1068 3891 1156 3972 ἕτερά
1180 3917 1212 3955 τε
1236 3893 1340 3956 πολλὰ
1363 3891 1494 3972 ἀγωνί-

371 4023 464 4076 ματα,
489 4009 548 4063 τοῦ
570 4003 628 4075 μὲν
652 3996 824 4078 ἀναγκαίου
848 4000 941 4078 χάριν
957 3998 997 4062 οὐ
1012 3999 1096 4076 μάλα
1112 3979 1312 4079 πεποιημένα,
1338 3998 1442 4076 ἄλλως
1462 4005 1495 4064 δὲ

371 4109 446 4183 ἴσως
469 4107 663 4187 προσαγωγὰ
686 4113 736 4170 καὶ
759 4107 925 4187 θελκτήρια
941 4113 1012 4170 ·καὶ
1036 4107 1095 4188 γὰρ
1125 4112 1202 4170 dicu
1225 4105 1243 4186 ἡ
1267 4113 1388 4188 ποίησις
1410 4109 1495 4187 ἱερόν

369 4237 399 4275 τι
422 4221 525 4294 χρῆμα
548 4219 600 4276 καὶ
623 4216 786 4278 θεσπέσιον
799 4232 825 4279 e.
839 4234 867 4294 q.
881 4232 907 4278 s.

462 4353 482 4422 ¹)
502 4325 662 4421 αιτιοι-ΒΝ.
682 4372 707 4423 p.
728 4357 769 4408 78.
790 4371 829 4420 sq.

461 4441 482 4510 2)
501 4442 599 4497 Philol.
619 4445 641 4498 1.
660 4445 721 4498 495.
742 4460 800 4509 sqq.
