3460 5218
751 464 974 522 ..49-

302 635 432 703 nomine
457 638 728 720 appellabantur,
760 642 799 703 ut
823 657 921 704 unum
948 637 1064 704 horum
1086 637 1322 705 versiculorum
1346 655 1421 703 auc-

303 751 407 808 torem
439 744 559 811 elicere
589 744 655 810 iam
687 762 898 825 nequeamus.
944 743 1104 827 Accedit,
1137 744 1223 827 quod
1253 742 1421 811 Planndes

302 849 507 934 epigramma
528 851 618 918 inter
640 850 796 915 ἀδέσποτα
818 850 896 916 fert.

391 958 508 1041 Neque
539 958 640 1025 aliter
663 957 704 1024 de
732 957 867 1025 Callia
896 958 1064 1041 Argivo
1088 959 1169 1038 (XI.
1195 961 1281 1042 232.)
1304 959 1422 1026 sentio.

390 1085 458 1150 XI.
496 1089 569 1147 lac.
609 1084 813 1166 epigramma
848 1083 1058 1149 Theodoro
1090 1082 1219 1149 cuidam
1254 1083 1421 1150 tribuitur.

300 1192 463 1259 Novimus
498 1191 702 1257 Theodorum
742 1191 1144 1274 epigrammatographum
1190 1209 1232 1256 ex
1269 1191 1420 1275 Diogene

300 1299 440 1366 Laertio
465 1300 638 1385 (11.a,1a:
661 1297 789 1380 ποιητὴς
804 1299 1074 1379 astronomicae„
1098 1297 1244 1365 fortasse
1267 1299 1312 1365 ad
1335 1300 1421 1365 hunc

302 1406 424 1474 Suidae
447 1408 551 1474 verba
575 1406 751 1473 referenda
775 1413 866 1472 sunt:
892 1407 1057 1487 Θεόδωρος
1079 1405 1215 1486 ποιητὴς,
1245 1403 1281 1480 ὃς
1302 1405 1421 1486 ἔγραψε

301 1585 437 1664 διάφορα
460 1588 499 1648 δι’
524 1585 611 1648 ἐπῶν
635 1589 754 1665 (nonne
778 1584 984 1652 scribendum
1008 1586 1047 1648 δι’
1072 1531 1167 1659 ἐπγυρὸυ,
1195 1584 1217 1649 i.
1242 1603 1268 1649 e.
1293 1585 1333 1647 δι’
1358 1585 1420 1648 ἐπι-

299 1691 528 1776 γραμμάτωυῗ)
546 1697 598 1754 καὶ
613 1696 655 1766 εἰς
667 1690 873 1771 Κλεοπάτραν
891 1693 929 1754 δι’
947 1691 1041 1752 ἐπῶν.
1073 1689 1142 1756 Hic
1156 1689 1302 1756 fortasse
1314 1690 1419 1756 Theo-

299 1798 397 1864 dorus
425 1798 634 1882 Diogeniano
662 1805 759 1865 notus
784 1798 849 1864 fuit
871 1802 1051 1878 auctorque
1076 1802 1129 1862 est
1157 1796 1418 1881 epigrammatis.

389 1904 574 1971 Cerealii
595 1905 845 1987 epigrammatis
861 1905 928 1970 XI.
949 1910 1019 1967 129.
1036 1910 1072 1970 et
1091 1908 1161 1967 144.
1178 1904 1276 1970 malis
1299 1903 1417 1984 poetis,

299 2011 407 2078 altero
434 2013 612 2096 praecipue
636 2013 773 2078 Homeri
804 2012 1027 2078 sectatoribus
1058 2011 1277 2076 maledicitur.
1322 2011 1419 2077 Inter

297 2120 465 2184 Romanos
498 2125 616 2202 poetas
643 2119 739 2185 huius
771 2119 898 2185 aetatis
928 2120 1049 2186 Iulium
1077 2118 1256 2192 Cerialem,
1288 2118 1419 2186 Valerii

298 2225 467 2292 Martialis
499 2227 639 2292 amicum
672 2225 769 2313 (conf.
793 2227 895 2292 Mart.
919 2227 967 2291 X.
993 2225 1105 2311 48‚3.),
1137 2225 1297 2300 novimus,
1322 2243 1418 2306 quern

298 2351 429 2399 carmen
453 2333 493 2399 de
521 2331 682 2416 Gigantis
705 2376 747 2386 -
771 2351 878 2398 nonne
908 2329 1242 2415 Gigantomachiam?
1266 2370 1309 2380 -
1332 2351 1417 2398 eom·

297 2439 444 2520 posuisse
467 2440 600 2507 elicitur
623 2460 666 2507 ex
687 2440 858 2507 Martialis
880 2441 993 2507 verbis
1015 2441 1082 2505 XI.
1109 2446 1165 2503 52:

385 2593 522 2612 .....
544 2553 620 2614 tuos
643 2548 739 2614 nobis
762 2548 892 2631 relegas
916 2548 997 2613 licet
1020 2565 1123 2628 usque
1146 2545 1327 2630 Gigantas,

453 2673 532 2718 rura
554 2654 609 2721 vel
633 2660 770 2721 aeterno
793 2655 941 2737 proxima
965 2654 1123 2736 Vergilio.

295 2756 426 2824 Ceciuit
449 2761 553 2842 igitur
576 2762 679 2827 etiam
702 2762 851 2828 bucolica
874 2762 1032 2828 carmina.

386 2866 515 2933 Plinius
538 2868 643 2933 minor
670 2869 705 2934 in
732 2868 884 2951 epistulis
906 2870 955 2935 Π.
982 2874 1031 2934 19.
1055 2873 1091 2934 et
1113 2867 1174 2937 IV.
1200 2872 1251 2930 21.
1279 2866 1416 2933 litteras

294 2971 353 3039 dat
376 2974 474 3042 Velio
506 2974 632 3041 Ceriali
663 2975 786 3054 amico;
818 2996 926 3043 nonne
952 2976 1133 3043 verisimile
1165 2980 1218 3042 est
1248 2994 1312 3041 uno
1342 2976 1415 3041 loco

293 3083 514 3163 corruptelam
531 3083 640 3149 latere
652 3083 806 3165 priusque
818 3088 953 3166 propter
964 3084 1152 3150 litterarum
1167 3081 1414 3148 similitudinem

290 3187 366 3254 iuli
389 3194 425 3255 et
448 3189 528 3254 ueli
555 3188 680 3255 formas
707 3190 903 3256 immutatas
927 3188 1023 3256 esse?
1069 3175 1229 3272 Equidem
1253 3188 1356 3254 Plinii
1378 3194 1414 3254 et

291 3294 462 3362 Martialis
487 3296 625 3363 amicum
651 3298 787 3363 eundem
805 3297 970 3364 Cerialem
987 3317 1060 3364 esse
1080 3315 1274 3379 persuasum
1296 3296 1412 3376 habeo,

290 3402 343 3467 eui
379 3403 583 3486 gentilicium
617 3409 692 3470 erat
722 3423 839 3470 nomeu
870 3405 985 3483 Veli03
1017 3423 1092 3470 nam
1127 3410 1268 3487 apparet
1296 3421 1413 3469 nomen

291 3508 399 3575 rarius
427 3509 534 3576 visum
558 3509 691 3576 facilius
718 3512 934 3578 inusitatius
961 3511 1041 3578 Iulii
1064 3515 1300 3578 commutatum
1328 3527 1411 3575 esse.

289 3616 357 3683 Hic
371 3616 490 3686 Velius
507 3616 650 3684 Cerialis
674 3617 819 3685 fortasse
843 3620 945 3685 etiam
967 3618 1170 3687 Graecorum
1194 3618 1412 3700 epigramma·

288 3727 360 3790 tum
384 3729 502 3790 auctor
524 3731 595 3802 est;
621 3744 698 3791 nam
722 3726 761 3790 de
787 3724 927 3792 Cereale
950 3725 1118 3808 episcopo,
1150 3724 1258 3806 quinti
1286 3722 1411 3790 saeculi

288 3829 431 3910 aequali,
455 3830 553 3912 (conf.
580 3830 732 3898 Gennad.
756 3833 818 3898 vir.
843 3831 964 3898 illustr.
984 3834 1051 3916 96.)
1068 3851 1161 3899 nemo
1178 3830 1351 3916 cogitabit.
1368 3867 1412 3876 —

288 3936 355 4001 XI.
384 3940 456 4000 129.
481 3937 515 4002 in
539 3938 713 4004 Planurlea
737 3957 910 4021 perperam
932 3921 1080 4006 Lucieno
1104 3938 1272 4005 tribuitur.

376 4062 592 4146 Epigramma
620 4065 687 4130 XI.
719 4070 769 4128 72.
801 4063 925 4128 Βάσσου
952 4071 1137 4146 Σμυρναίου
1169 4065 1325 4131 lemmate
1361 4062 1410 4128 in·

288 4167 447 4251 signitunr
471 4177 524 4236 est
547 4171 705 4237 Palatino
730 4172 851 4254 codice,
877 4172 1039 4252 Νικάρχου
1062 4171 1243 4238 Planudeo.
1286 4170 1409 4239 Cetera

286 4275 421 4360 Bassi,
446 4296 563 4360 nempe
582 4277 684 4344 Lollii
699 4279 810 4354 Bassi,
835 4279 1078 4363 epigrammata
1100 4278 1247 4362 Philippi
1270 4295 1409 4344 coronae

288 4382 418 4449 inserta
450 4392 557 4466 erant,
590 4384 676 4467 quod
705 4385 800 4452 vides
827 4386 862 4452 in
886 4385 1137 4470 epigrammatis
1159 4386 1202 4454 V.
1230 4391 1302 4453 125.
1326 4385 1408 4454 VII.

1248 4493 1267 4544 4
