3460 5218
776 559 1014 618 ..42-

330 742 471 817 excepto
497 733 565 800 solo
581 733 662 802 VII.
682 739 768 808 570„
793 734 878 814 quod
900 740 993 800 certe
1009 741 1086 816 post
1101 752 1221 800 annum
1240 737 1313 798 358.
1330 753 1361 816 p.
1380 732 1457 801 Chr.

330 840 547 924 compositum
564 846 655 920 estb.
672 841 775 908 Vol.
794 837 933 920 denique
949 838 1125 922 Capitonis
1149 844 1217 922 est3
1241 838 1358 905 mirum
1374 840 1461 906 enirn

331 954 422 1014 esset
446 946 630 1021 admodum,
658 945 687 1012 si
710 963 829 1012 nomon
851 946 947 1012 huius
970 951 1103 1029 poetae,
1131 946 1185 1029 qui
1210 946 1279 1013 solo
1303 946 1460 1014 hocloco

332 1058 607 1121 commemoratur
629 1071 735 1135 neque
759 1052 836 1118 aliis
860 1052 989 1134 quidem
1014 1052 1097 1119 locis
1120 1071 1258 1134 usquam
1279 1051 1457 1141 invenitur,

332 1180 373 1227 ex
398 1159 591 1227 coniectura
605 1158 641 1226 in
656 1158 778 1225 lemma
794 1159 997 1242 irrepsisset.
1033 1159 1113 1225 Fuit
1135 1165 1246 1226 autom
1263 1159 1320 1226 ille
1338 1157 1460 1241 Capito

331 1267 479 1335 fortasse
495 1265 718 1332 Cossutianus
735 1264 868 1348 Capito,
894 1266 935 1332 de
951 1284 1015 1347 quo
1031 1264 1260 1350 Quintilianus
1277 1266 1351 1352 (VI.
1372 1271 1458 1346 1,14)

333 1373 431 1441 dicit:
443 1371 590 1457 ‘egregie
607 1372 703 1438 nobis
720 1372 988 1439 adolescentibus
1006 1373 1131 1440 dixisse
1147 1378 1324 1440 accusator
1340 1371 1459 1439 Cossu·

334 1481 420 1547 tiani
448 1479 626 1562 Capitonis
652 1478 846 1557 videbatur,
881 1478 1012 1546 Graece
1040 1479 1186 1561 quidem,
1218 1480 1278 1547 sed
1309 1480 1394 1545 huuc
1424 1478 1460 1543 in

335 1606 481 1653 sensum:
506 1586 685 1652 Erubescis
709 1585 891 1653 Caesarem
921 1583 1061 1655 timere?
1093 1625 1137 1635 -
1170 1586 1252 1653 Cum
1283 1592 1459 1652 accusator

336 1693 510 1776 Capitonis
542 1691 674 1759 Graece
704 1692 907 1774 loqueretur,
939 1711 1046 1759 noune
1077 1693 1148 1776 ipse
1180 1712 1307 1775 quoqne
1335 1691 1457 1774 Capito

336 1819 492 1884 graecam
526 1798 674 1882 linguam
709 1799 916 1884 exercuiti2)
970 1801 1174 1882 Kusterus³)
1214 1799 1379 1884 cogitavit
1417 1799 1458 1865 de

336 1906 499 1988 Capitone
522 1904 636 1988 Lycio,
666 1905 849 1972 Iustiniani
873 1907 1050 1992 συγχρόνῳ,
1079 1906 1253 1974 Iacobsins
1277 1907 1382 1990 (auth.
1407 1925 1456 1989 gr.

335 2013 443 2079 XIII.
458 2014 547 2096 870.)
563 2013 604 2078 da
620 2010 786 2093 Capitone
801 2013 1041 2092 Alexandrino,
1067 2013 1122 2095 qui
1142 2013 1231 2096 apud
1246 2013 1458 2080 Athenaeum

337 2121 395 2200 (X.
420 2118 523 2198 425⁰)
553 2116 571 2182 ὁ
593 2115 743 2195 ἐποποιὸς
770 2120 959 2203 appellatur
982 2117 1213 2202 (Ἀλεξανδρεὺς
1235 2123 1268 2183 δὲ
1292 2121 1394 2198 γένος,
1424 2120 1458 2182 ἐν

336 2228 470 2312 δευτέρῳ
492 2226 699 2309 Ἐρωτικῶν).
746 2226 875 2292 Maiore
898 2227 970 2293 iure
993 2227 1034 2294 de
1057 2228 1207 2294 Romano
1230 2227 1361 2293 homine
1384 2245 1457 2294 mea

336 2333 465 2415 quidem
491 2332 660 2398 sententia
683 2333 897 2416 cogitandum
922 2339 985 2400 est.
1097 2397 1098 2402 ,

413 2457 546 2538 'Itaque
574 2461 613 2522 ut
640 2456 681 2522 de
707 2456 875 2523 Nicarcho
903 2456 1059 2525 iudicium
1086 2458 1246 2526 ieramus:
1279 2478 1337 2543 pro
1366 2465 1458 2526 certo

336 2583 402 2630 non
417 2563 651 2645 comprobatur
666 2560 732 2628 nisi
748 2580 846 2631 unum
861 2564 965 2632 fuisse
980 2565 1183 2633 Nicarchum
1204 2565 1458 2649 epigrammato-

337 2671 506 2754 graphnm,
540 2669 633 2736 cuius
655 2670 824 2753 poematia
846 2671 881 2736 in
905 2672 1112 2756 Anthologia
1136 2672 1296 2739 Palatina
1319 2677 1458 2739 servata

335 2775 541 2861 DiogenIani
566 2776 758 2860 authologio
782 2777 1095 2845 annumerabantur.

394 2975 399 2984 ,
423 2901 584 2969 Nioarohi
608 2901 699 2967 vitae
723 2902 757 2968 in
782 2901 1033 2986 epigrammatis
1056 2889 1164 2986 pauca
1191 2908 1271 2970 snut
1293 2902 1456 2986 vestigia;

240 3024 242 3030 ·
335 3008 576 3093 epigrammate
593 3008 660 3073 XI.
681 3013 752 3074 124.
771 3009 971 3092 perstringit
990 3017 1092 3092 poeta
1107 3008 1268 3076 medicum
1284 3009 1456 3091 quendam,

336 3117 510 3200 Zopyrum,
537 3113 742 3199 Aegyptium
765 3115 911 3196 fortasse
935 3123 978 3199 (v.
1001 3115 1054 3202 4.).
1100 3118 1231 3200 Zopyro
1255 3100 1385 3192 autem(
1403 3135 1457 3182 ae·

334 3223 424 3303 quali
442 3240 510 3302 suo,
527 3222 728 3288 Plutarchus
744 3221 778 3288 in
791 3222 1044 3307 Symposiacis)
1060 3229 1177 3306 partes
1194 3223 1323 3290 tribuit.
1351 3225 1456 3290 Porro

335 3327 481 3412 CelsusI)
496 3335 729 3395 commemorat
745 3329 1030 3406 medicamentum,
1048 3330 1133 3412 quod
1146 3311 1297 3415 Zopyrus
1309 3330 1455 3398 medicus

333 3435 528 3502 Ptolemaeo
544 3435 617 3518 regi
632 3435 814 3517 paraverit.
844 3437 958 3503 Etiam
971 3435 1161 3518 Bubastis⁰)
1179 3437 1454 3519 commemoratio,

334 3542 426 3608 cuius
450 3561 549 3608 sacra
572 3542 650 3608 istis
669 3543 872 3624 temporibus
888 3543 1029 3610 maxime
1043 3542 1195 3610 floruisse
1210 3550 1355 3626 constat,
1379 3544 1456 3612 huic

333 3647 443 3715 aetati
466 3649 638 3728 convenit;
663 3648 803 3730 <leuique
827 3651 954 3718 Romae
969 3650 1172 3717 Nicarchum
1195 3651 1369 3735 scripsisse
1393 3669 1454 3717 usu

332 3753 424 3821 vocis
446 3756 605 3836 μιλιάριον
628 3757 693 3842 (ep.
710 3757 775 3822 XI.
795 3759 883 3840 244.)
900 3757 1074 3823 evincitur.
1110 3756 1364 3840 Epigrammata
1385 3757 1455 3823 eius

426 4040 447 4102 1)
466 4038 501 4095 oi.
522 4039 581 4098 cod.
601 4038 735 4095 Theodos.
755 4055 780 4108 p.
800 4040 843 4094 56.
881 4037 976 4099 Libau.
996 4053 1038 4107 ep.
1057 4041 1144 4106 sall.

421 4127 445 4196 ⁹)
464 4126 499 4184 ci.
520 4127 613 4185 loven.
633 4127 766 4182 vulsa.
803 4126 892 4183 Tacit.
912 4127 984 4184 Anu.
1006 4127 1076 4195 ll,6.
1098 4129 1182 4195 last.
1203 4131 1290 4196 1438.
1312 4129 1398 4196 1631.

422 4217 443 4286 ³)
463 4216 497 4272 ed
516 4216 591 4274 Suirl.
611 4218 632 4270 l.
651 4235 677 4286 p.
699 4220 757 4273 147.

420 4305 442 4374 ⁴)
460 4306 478 4360 l.
497 4304 515 4362 l.
536 4307 571 4363 ll.
590 4307 683 4362 6530.

421 4395 443 4463 ὓ)
462 4394 559 4450 Celsus
580 4395 611 4448 V.
629 4395 674 4450 23.
700 4394 815 4452 Galeni:
834 4390 981 4446 ἀντίδοτον
999 4396 1149 4466 Ζωπυρίοιι.

422 4484 444 4552 ⁰)
464 4481 588 4539 Gratius.
608 4499 668 4552 cpu.
687 4485 732 4540 42.
771 4483 820 4541 Ov.
837 4484 905 4540 Met
925 4483 1003 4539 VlIl.
1013 4485 1074 4541 691.
1113 4483 1208 4555 Orelli,
1227 4485 1309 4542 lusor.
1328 4486 1407 4542 coll.
