<?xml version="1.0" encoding="UTF-8"?>
<!DOCTYPE html PUBLIC "-//W3C//DTD XHTML 1.0 Transitional//EN"
    "http://www.w3.org/TR/xhtml1/DTD/xhtml1-transitional.dtd">
<html xmlns="http://www.w3.org/1999/xhtml" xml:lang="en" lang="en">
 <head>
  <title>
</title>
<meta http-equiv="Content-Type" content="text/html;charset=utf-8" />
  <meta name='ocr-system' content='tesseract 3.04.00' />
  <meta name='ocr-capabilities' content='ocr_page ocr_carea ocr_par ocr_line ocrx_word'/>
</head>
<body>
  <div class='ocr_page' id='page_1' title='image "./deanthologiapal00sakogoog_0068.png"; bbox 0 0 3460 5218; ppageno 0'>
   <div class='ocr_carea' id='block_1_1' title="bbox 692 512 912 570">
    <p class='ocr_par' dir='ltr' id='par_1_1' title="bbox 692 512 912 570">
     <span class='ocr_line' id='line_1_1' title="bbox 692 512 912 570; baseline -0.027 -15"><span class='ocrx_word' id='word_1_1' title='bbox 692 512 912 570; x_wconf 75' lang='lat'>...57-</span> 
     </span>
    </p>
   </div>
   <div class='ocr_carea' id='block_1_2' title="bbox 243 683 1366 983">
    <p class='ocr_par' dir='ltr' id='par_1_2' title="bbox 243 683 1366 983">
     <span class='ocr_line' id='line_1_2' title="bbox 332 683 1366 766; baseline 0.001 -16"><span class='ocrx_word' id='word_1_2' title='bbox 332 686 400 751; x_wconf 93' lang='lat' dir='ltr'>XI.</span> <span class='ocrx_word' id='word_1_3' title='bbox 428 689 500 749; x_wconf 81' lang='lat'>117.</span> <span class='ocrx_word' id='word_1_4' title='bbox 525 685 560 751; x_wconf 92' lang='lat' dir='ltr'>in</span> <span class='ocrx_word' id='word_1_5' title='bbox 577 683 773 766; x_wconf 78' lang='lat' dir='ltr'>Capitonem</span> <span class='ocrx_word' id='word_1_6' title='bbox 789 683 960 765; x_wconf 89' lang='lat' dir='ltr'>medicum,</span> <span class='ocrx_word' id='word_1_7' title='bbox 985 702 1079 765; x_wconf 89' lang='lat' dir='ltr'>quem</span> <span class='ocrx_word' id='word_1_8' title='bbox 1096 684 1266 751; x_wconf 89' lang='lat' dir='ltr'>Hadriani</span> <span class='ocrx_word' id='word_1_9' title='bbox 1285 688 1366 751; x_wconf 91' lang='lat' dir='ltr'>tem·</span> 
     </span>
     <span class='ocr_line' id='line_1_3' title="bbox 244 789 1366 878; baseline -0.001 -20"><span class='ocrx_word' id='word_1_10' title='bbox 244 792 378 876; x_wconf 89' lang='lat' dir='ltr'>poribus</span> <span class='ocrx_word' id='word_1_11' title='bbox 401 790 551 858; x_wconf 90' lang='lat' dir='ltr'>floruisse</span> <span class='ocrx_word' id='word_1_12' title='bbox 575 791 753 878; x_wconf 84' lang='lat' dir='ltr'>constat1),</span> <span class='ocrx_word' id='word_1_13' title='bbox 785 791 963 857; x_wconf 90' lang='lat' dir='ltr'>invehitur.</span> <span class='ocrx_word' id='word_1_14' title='bbox 1003 789 1221 858; x_wconf 82' lang='lat' dir='ltr'>Antecedunt</span> <span class='ocrx_word' id='word_1_15' title='bbox 1244 791 1366 859; x_wconf 82' lang='lat' dir='ltr'>Lucilii</span> 
     </span>
     <span class='ocr_line' id='line_1_4' title="bbox 243 897 932 983; baseline -0.006 -17"><span class='ocrx_word' id='word_1_16' title='bbox 243 900 495 983; x_wconf 87' lang='lat' dir='ltr'>epigrammata,</span> <span class='ocrx_word' id='word_1_17' title='bbox 520 907 703 980; x_wconf 90' lang='lat' dir='ltr'>sequuntur</span> <span class='ocrx_word' id='word_1_18' title='bbox 729 897 932 964; x_wconf 84' lang='lat' dir='ltr'>Oillactoris.</span> 
     </span>
    </p>
   </div>
   <div class='ocr_carea' id='block_1_3' title="bbox 239 1002 1366 4293">
    <p class='ocr_par' dir='ltr' id='par_1_3' title="bbox 243 1002 1366 1304">
     <span class='ocr_line' id='line_1_5' title="bbox 335 1002 1365 1087; baseline -0.002 -14"><span class='ocrx_word' id='word_1_19' title='bbox 335 1007 512 1082; x_wconf 80' lang='lat' dir='ltr'><strong>X1.225.;</strong></span> <span class='ocrx_word' id='word_1_20' title='bbox 538 1006 710 1072; x_wconf 80' lang='lat' dir='ltr'>antecedit</span> <span class='ocrx_word' id='word_1_21' title='bbox 733 1005 903 1084; x_wconf 87' lang='lat' dir='ltr'>Nicarchi,</span> <span class='ocrx_word' id='word_1_22' title='bbox 929 1004 1081 1086; x_wconf 88' lang='lat' dir='ltr'>sequitur</span> <span class='ocrx_word' id='word_1_23' title='bbox 1103 1002 1274 1070; x_wconf 86' lang='lat' dir='ltr'>Ammiani</span> <span class='ocrx_word' id='word_1_24' title='bbox 1298 1004 1365 1087; x_wconf 93' lang='lat' dir='ltr'>epi·</span> 
     </span>
     <span class='ocr_line' id='line_1_6' title="bbox 243 1110 1366 1197; baseline -0.003 -18"><span class='ocrx_word' id='word_1_25' title='bbox 243 1132 403 1197; x_wconf 88' lang='lat' dir='ltr'>gramma.</span> <span class='ocrx_word' id='word_1_26' title='bbox 449 1113 572 1193; x_wconf 89' lang='lat' dir='ltr'>Itaque</span> <span class='ocrx_word' id='word_1_27' title='bbox 596 1111 746 1194; x_wconf 87' lang='lat' dir='ltr'>scoptica</span> <span class='ocrx_word' id='word_1_28' title='bbox 770 1111 842 1178; x_wconf 86' lang='lat' dir='ltr'>eius</span> <span class='ocrx_word' id='word_1_29' title='bbox 858 1111 1103 1195; x_wconf 88' lang='lat' dir='ltr'>epigrammata</span> <span class='ocrx_word' id='word_1_30' title='bbox 1119 1129 1139 1176; x_wconf 91' lang='lat' dir='ltr'>a</span> <span class='ocrx_word' id='word_1_31' title='bbox 1154 1110 1366 1194; x_wconf 86' lang='lat' dir='ltr'>Diogeniano</span> 
     </span>
     <span class='ocr_line' id='line_1_7' title="bbox 244 1226 513 1304; baseline -0.022 -17"><span class='ocrx_word' id='word_1_32' title='bbox 244 1226 401 1304; x_wconf 87' lang='lat' dir='ltr'>excerpta</span> <span class='ocrx_word' id='word_1_33' title='bbox 425 1226 513 1286; x_wconf 92' lang='lat' dir='ltr'>sunt.</span> 
     </span>
    </p>

    <p class='ocr_par' dir='ltr' id='par_1_4' title="bbox 242 1311 1366 3316">
     <span class='ocr_line' id='line_1_8' title="bbox 335 1311 1364 1407; baseline -0.003 -13"><span class='ocrx_word' id='word_1_34' title='bbox 335 1329 453 1394; x_wconf 90' lang='lat' dir='ltr'>Nonne</span> <span class='ocrx_word' id='word_1_35' title='bbox 475 1311 579 1402; x_wconf 70' lang='grc' dir='ltr'><em>μοῦσα</em></span> <span class='ocrx_word' id='word_1_36' title='bbox 602 1326 726 1405; x_wconf 69' lang='lat' dir='ltr'>noidant</span> <span class='ocrx_word' id='word_1_37' title='bbox 750 1324 898 1407; x_wconf 80' lang='lat' dir='ltr'>qnoque?</span> <span class='ocrx_word' id='word_1_38' title='bbox 931 1326 985 1392; x_wconf 93' lang='lat' dir='ltr'>De</span> <span class='ocrx_word' id='word_1_39' title='bbox 1009 1325 1101 1391; x_wconf 91' lang='lat' dir='ltr'>cuius</span> <span class='ocrx_word' id='word_1_40' title='bbox 1117 1325 1364 1406; x_wconf 82' lang='lat' dir='ltr'>compositione,</span> 
     </span>
     <span class='ocr_line' id='line_1_9' title="bbox 246 1421 1366 1514; baseline -0.005 -12"><span class='ocrx_word' id='word_1_41' title='bbox 246 1435 376 1503; x_wconf 89' lang='lat' dir='ltr'>scilicet</span> <span class='ocrx_word' id='word_1_42' title='bbox 399 1435 440 1501; x_wconf 94' lang='lat' dir='ltr'>de</span> <span class='ocrx_word' id='word_1_43' title='bbox 463 1434 540 1499; x_wconf 91' lang='lat' dir='ltr'>libri</span> <span class='ocrx_word' id='word_1_44' title='bbox 557 1421 741 1499; x_wconf 83' lang='lat' dir='ltr'>duodecimi</span> <span class='ocrx_word' id='word_1_45' title='bbox 764 1433 923 1514; x_wconf 85' lang='lat' dir='ltr'>fontibus,</span> <span class='ocrx_word' id='word_1_46' title='bbox 948 1432 1056 1498; x_wconf 88' lang='lat' dir='ltr'>adhuc</span> <span class='ocrx_word' id='word_1_47' title='bbox 1080 1432 1165 1498; x_wconf 89' lang='lat' dir='ltr'>certi</span> <span class='ocrx_word' id='word_1_48' title='bbox 1189 1431 1259 1498; x_wconf 87' lang='lat' dir='ltr'>iere</span> <span class='ocrx_word' id='word_1_49' title='bbox 1283 1431 1366 1498; x_wconf 91' lang='lat' dir='ltr'>nihil</span> 
     </span>
     <span class='ocr_line' id='line_1_10' title="bbox 243 1537 1365 1627; baseline -0.004 -19"><span class='ocrx_word' id='word_1_50' title='bbox 243 1543 408 1627; x_wconf 91' lang='lat' dir='ltr'>prolatum</span> <span class='ocrx_word' id='word_1_51' title='bbox 433 1547 500 1618; x_wconf 88' lang='lat' dir='ltr'>est;</span> <span class='ocrx_word' id='word_1_52' title='bbox 524 1559 631 1621; x_wconf 88' lang='lat' dir='ltr'>neque</span> <span class='ocrx_word' id='word_1_53' title='bbox 657 1540 835 1621; x_wconf 85' lang='lat' dir='ltr'>adquiesco</span> <span class='ocrx_word' id='word_1_54' title='bbox 858 1540 969 1622; x_wconf 92' lang='lat' dir='ltr'>ineis,</span> <span class='ocrx_word' id='word_1_55' title='bbox 994 1558 1079 1623; x_wconf 89' lang='lat' dir='ltr'>quae</span> <span class='ocrx_word' id='word_1_56' title='bbox 1099 1539 1285 1622; x_wconf 89' lang='lat' dir='ltr'>nuperrime</span> <span class='ocrx_word' id='word_1_57' title='bbox 1301 1537 1365 1606; x_wconf 83' lang='lat' dir='ltr'>Ga·</span> 
     </span>
     <span class='ocr_line' id='line_1_11' title="bbox 242 1646 1365 1731; baseline -0.001 -16"><span class='ocrx_word' id='word_1_58' title='bbox 242 1650 332 1716; x_wconf 89' lang='lat' dir='ltr'>rolus</span> <span class='ocrx_word' id='word_1_59' title='bbox 364 1648 552 1731; x_wconf 85' lang='lat' dir='ltr'>Radinger,</span> <span class='ocrx_word' id='word_1_60' title='bbox 586 1647 711 1714; x_wconf 88' lang='lat' dir='ltr'>amicus</span> <span class='ocrx_word' id='word_1_61' title='bbox 735 1646 1016 1726; x_wconf 78' lang='lat' dir='ltr'>vindobonensis,</span> <span class='ocrx_word' id='word_1_62' title='bbox 1045 1647 1080 1712; x_wconf 92' lang='lat' dir='ltr'>in</span> <span class='ocrx_word' id='word_1_63' title='bbox 1102 1649 1219 1716; x_wconf 81' lang='lat' dir='ltr'>Eruoo</span> <span class='ocrx_word' id='word_1_64' title='bbox 1248 1648 1365 1716; x_wconf 76' lang='lat' dir='ltr'>Vindo-</span> 
     </span>
     <span class='ocr_line' id='line_1_12' title="bbox 243 1752 1365 1838; baseline -0.007 -12"><span class='ocrx_word' id='word_1_65' title='bbox 243 1759 377 1826; x_wconf 82' lang='lat' dir='ltr'>bonensi</span> <span class='ocrx_word' id='word_1_66' title='bbox 411 1754 552 1837; x_wconf 88' lang='lat' dir='ltr'>protulit</span> <span class='ocrx_word' id='word_1_67' title='bbox 592 1774 667 1838; x_wconf 86' lang='lat' dir='ltr'>pag.</span> <span class='ocrx_word' id='word_1_68' title='bbox 707 1759 782 1817; x_wconf 83' lang='lat'>304.</span> <span class='ocrx_word' id='word_1_69' title='bbox 816 1773 886 1835; x_wconf 86' lang='lat' dir='ltr'>sqq.</span> <span class='ocrx_word' id='word_1_70' title='bbox 943 1752 1007 1836; x_wconf 80' lang='lat' dir='ltr'>Qui</span> <span class='ocrx_word' id='word_1_71' title='bbox 1040 1759 1158 1819; x_wconf 92' lang='lat' dir='ltr'>contra</span> <span class='ocrx_word' id='word_1_72' title='bbox 1187 1752 1365 1819; x_wconf 84' lang='lat' dir='ltr'>Rudollum</span> 
     </span>
     <span class='ocr_line' id='line_1_13' title="bbox 246 1860 1365 1944; baseline 0.001 -19"><span class='ocrx_word' id='word_1_73' title='bbox 246 1860 492 1944; x_wconf 89' lang='lat' dir='ltr'>Weisshaeupl,</span> <span class='ocrx_word' id='word_1_74' title='bbox 519 1861 740 1942; x_wconf 83' lang='lat' dir='ltr'>quiquidque</span> <span class='ocrx_word' id='word_1_75' title='bbox 765 1880 903 1928; x_wconf 88' lang='lat' dir='ltr'>coronas</span> <span class='ocrx_word' id='word_1_76' title='bbox 926 1862 987 1926; x_wconf 94' lang='lat' dir='ltr'>hoc</span> <span class='ocrx_word' id='word_1_77' title='bbox 1011 1880 1074 1927; x_wconf 95' lang='lat' dir='ltr'>uno</span> <span class='ocrx_word' id='word_1_78' title='bbox 1097 1861 1181 1926; x_wconf 90' lang='lat' dir='ltr'>libro</span> <span class='ocrx_word' id='word_1_79' title='bbox 1206 1860 1365 1926; x_wconf 90' lang='lat' dir='ltr'>collectas</span> 
     </span>
     <span class='ocr_line' id='line_1_14' title="bbox 247 1967 1364 2053; baseline -0.004 -19"><span class='ocrx_word' id='word_1_80' title='bbox 247 1987 321 2034; x_wconf 84' lang='lat' dir='ltr'>esse</span> <span class='ocrx_word' id='word_1_81' title='bbox 344 1973 457 2050; x_wconf 85' lang='lat' dir='ltr'>putat:</span> <span class='ocrx_word' id='word_1_82' title='bbox 489 1968 652 2051; x_wconf 81' lang='lat' dir='ltr'>Meleagri</span> <span class='ocrx_word' id='word_1_83' title='bbox 682 1971 805 2044; x_wconf 70' lang='lat' dir='ltr'>poiseo</span> <span class='ocrx_word' id='word_1_84' title='bbox 827 1967 986 2053; x_wconf 68' lang='lat' dir='ltr'>aaroautd,</span> <span class='ocrx_word' id='word_1_85' title='bbox 1011 1968 1174 2051; x_wconf 81' lang='lat' dir='ltr'>Meleagri</span> <span class='ocrx_word' id='word_1_86' title='bbox 1198 1969 1364 2048; x_wconf 78' lang='grc' dir='ltr'><strong><em>στέφανον,</em></strong></span> 
     </span>
     <span class='ocr_line' id='line_1_15' title="bbox 246 2073 1366 2159; baseline -0.001 -18"><span class='ocrx_word' id='word_1_87' title='bbox 246 2076 392 2159; x_wconf 90' lang='lat' dir='ltr'>Philippi</span> <span class='ocrx_word' id='word_1_88' title='bbox 427 2077 596 2153; x_wconf 82' lang='grc' dir='ltr'><strong><em>στέφανον,</em></strong></span> <span class='ocrx_word' id='word_1_89' title='bbox 636 2073 809 2141; x_wconf 83' lang='lat' dir='ltr'>Stratonis</span> <span class='ocrx_word' id='word_1_90' title='bbox 843 2083 966 2151; x_wconf 70' lang='lat' dir='ltr'>noricae</span> <span class='ocrx_word' id='word_1_91' title='bbox 995 2075 1157 2153; x_wconf 74' lang='grc' dir='ltr'><strong><em>παιδικήν,</em></strong></span> <span class='ocrx_word' id='word_1_92' title='bbox 1195 2073 1366 2141; x_wconf 85' lang='lat' dir='ltr'>Stratonis</span> 
     </span>
     <span class='ocr_line' id='line_1_16' title="bbox 248 2181 1364 2265; baseline -0.002 -17"><span class='ocrx_word' id='word_1_93' title='bbox 248 2183 473 2249; x_wconf 89' lang='lat' dir='ltr'>collectionem</span> <span class='ocrx_word' id='word_1_94' title='bbox 506 2183 670 2264; x_wconf 89' lang='lat' dir='ltr'>quandam</span> <span class='ocrx_word' id='word_1_95' title='bbox 703 2184 840 2249; x_wconf 89' lang='lat' dir='ltr'>aliorum</span> <span class='ocrx_word' id='word_1_96' title='bbox 876 2190 1048 2265; x_wconf 88' lang='lat' dir='ltr'>poetarum</span> <span class='ocrx_word' id='word_1_97' title='bbox 1079 2181 1364 2264; x_wconf 82' lang='lat' dir='ltr'>epigrammatum,</span> 
     </span>
     <span class='ocr_line' id='line_1_17' title="bbox 245 2287 1366 2370; baseline 0 -16"><span class='ocrx_word' id='word_1_98' title='bbox 245 2298 317 2356; x_wconf 90' lang='lat' dir='ltr'>tres</span> <span class='ocrx_word' id='word_1_99' title='bbox 340 2295 470 2355; x_wconf 88' lang='lat' dir='ltr'>tantum</span> <span class='ocrx_word' id='word_1_100' title='bbox 496 2289 631 2356; x_wconf 87' lang='lat' dir='ltr'>admisit</span> <span class='ocrx_word' id='word_1_101' title='bbox 655 2308 809 2356; x_wconf 85' lang='lat' dir='ltr'>coronas:</span> <span class='ocrx_word' id='word_1_102' title='bbox 835 2289 997 2370; x_wconf 82' lang='lat' dir='ltr'>Meleagri</span> <span class='ocrx_word' id='word_1_103' title='bbox 1026 2291 1194 2366; x_wconf 80' lang='grc' dir='ltr'><strong><em>στέφανον,</em></strong></span> <span class='ocrx_word' id='word_1_104' title='bbox 1220 2287 1366 2370; x_wconf 91' lang='lat' dir='ltr'>Philippi</span> 
     </span>
     <span class='ocr_line' id='line_1_18' title="bbox 246 2395 1366 2477; baseline 0.001 -17"><span class='ocrx_word' id='word_1_105' title='bbox 246 2399 415 2473; x_wconf 78' lang='grc' dir='ltr'><strong><em>στέφανον,</em></strong></span> <span class='ocrx_word' id='word_1_106' title='bbox 449 2395 619 2463; x_wconf 85' lang='lat' dir='ltr'>Stratonis</span> <span class='ocrx_word' id='word_1_107' title='bbox 642 2405 767 2472; x_wconf 75' lang='lat' dir='ltr'>uoiooo</span> <span class='ocrx_word' id='word_1_108' title='bbox 788 2395 950 2475; x_wconf 75' lang='grc' dir='ltr'><strong><em>παιδικήν,</em></strong></span> <span class='ocrx_word' id='word_1_109' title='bbox 983 2415 1048 2476; x_wconf 88' lang='lat' dir='ltr'>qua</span> <span class='ocrx_word' id='word_1_110' title='bbox 1077 2396 1216 2461; x_wconf 89' lang='lat' dir='ltr'>aliorum</span> <span class='ocrx_word' id='word_1_111' title='bbox 1239 2414 1366 2477; x_wconf 88' lang='lat' dir='ltr'>quoque</span> 
     </span>
     <span class='ocr_line' id='line_1_19' title="bbox 244 2501 1365 2586; baseline -0.001 -18"><span class='ocrx_word' id='word_1_112' title='bbox 244 2511 380 2586; x_wconf 87' lang='lat' dir='ltr'>praeter</span> <span class='ocrx_word' id='word_1_113' title='bbox 396 2504 588 2571; x_wconf 89' lang='lat' dir='ltr'>Stratonem</span> <span class='ocrx_word' id='word_1_114' title='bbox 605 2504 847 2586; x_wconf 90' lang='lat' dir='ltr'>epigrammata</span> <span class='ocrx_word' id='word_1_115' title='bbox 865 2504 1041 2568; x_wconf 88' lang='lat' dir='ltr'>coniuncta</span> <span class='ocrx_word' id='word_1_116' title='bbox 1062 2509 1186 2568; x_wconf 90' lang='lat' dir='ltr'>essent.</span> <span class='ocrx_word' id='word_1_117' title='bbox 1234 2501 1308 2585; x_wconf 80' lang='lat' dir='ltr'>Qua</span> <span class='ocrx_word' id='word_1_118' title='bbox 1332 2503 1365 2567; x_wconf 91' lang='lat' dir='ltr'>in</span> 
     </span>
     <span class='ocr_line' id='line_1_20' title="bbox 244 2610 1364 2693; baseline -0.001 -17"><span class='ocrx_word' id='word_1_119' title='bbox 244 2632 280 2677; x_wconf 90' lang='lat' dir='ltr'>re</span> <span class='ocrx_word' id='word_1_120' title='bbox 296 2610 516 2677; x_wconf 87' lang='lat' dir='ltr'>libentissime</span> <span class='ocrx_word' id='word_1_121' title='bbox 532 2611 718 2693; x_wconf 88' lang='lat' dir='ltr'>adstipulor</span> <span class='ocrx_word' id='word_1_122' title='bbox 733 2611 935 2693; x_wconf 87' lang='lat' dir='ltr'>Radingero,</span> <span class='ocrx_word' id='word_1_123' title='bbox 953 2629 1030 2675; x_wconf 93' lang='lat' dir='ltr'>nam</span> <span class='ocrx_word' id='word_1_124' title='bbox 1045 2610 1195 2677; x_wconf 87' lang='lat' dir='ltr'>videmus</span> <span class='ocrx_word' id='word_1_125' title='bbox 1214 2610 1364 2675; x_wconf 93' lang='lat' dir='ltr'>coniunc-</span> 
     </span>
     <span class='ocr_line' id='line_1_21' title="bbox 245 2716 1366 2794; baseline 0.001 -13"><span class='ocrx_word' id='word_1_126' title='bbox 245 2723 300 2782; x_wconf 90' lang='lat' dir='ltr'>tos</span> <span class='ocrx_word' id='word_1_127' title='bbox 331 2717 414 2783; x_wconf 90' lang='lat' dir='ltr'>libro</span> <span class='ocrx_word' id='word_1_128' title='bbox 447 2717 635 2782; x_wconf 91' lang='lat' dir='ltr'>duodecimo</span> <span class='ocrx_word' id='word_1_129' title='bbox 668 2723 720 2780; x_wconf 86' lang='lat'>20.</span> <span class='ocrx_word' id='word_1_130' title='bbox 747 2723 798 2780; x_wconf 84' lang='grc'>21.</span> <span class='ocrx_word' id='word_1_131' title='bbox 826 2722 875 2780; x_wconf 83' lang='grc'>22.</span> <span class='ocrx_word' id='word_1_132' title='bbox 901 2716 1021 2782; x_wconf 89' lang='lat' dir='ltr'>Iulium</span> <span class='ocrx_word' id='word_1_133' title='bbox 1045 2716 1240 2794; x_wconf 87' lang='lat' dir='ltr'>Leonidam,</span> <span class='ocrx_word' id='word_1_134' title='bbox 1273 2716 1366 2784; x_wconf 89' lang='lat' dir='ltr'>Stra·</span> 
     </span>
     <span class='ocr_line' id='line_1_22' title="bbox 247 2823 1364 2906; baseline -0.005 -16"><span class='ocrx_word' id='word_1_135' title='bbox 247 2831 368 2902; x_wconf 90' lang='lat' dir='ltr'>tonem,</span> <span class='ocrx_word' id='word_1_136' title='bbox 394 2824 606 2906; x_wconf 82' lang='lat' dir='ltr'>Scythinum3</span> <span class='ocrx_word' id='word_1_137' title='bbox 635 2829 706 2887; x_wconf 70' lang='lat' dir='ltr'>rte.</span> <span class='ocrx_word' id='word_1_138' title='bbox 727 2829 799 2887; x_wconf 79' lang='lat'>175.</span> <span class='ocrx_word' id='word_1_139' title='bbox 823 2824 1034 2902; x_wconf 83' lang='lat' dir='ltr'>Frontonem,</span> <span class='ocrx_word' id='word_1_140' title='bbox 1060 2823 1266 2901; x_wconf 80' lang='lat' dir='ltr'>Stratonem3</span> <span class='ocrx_word' id='word_1_141' title='bbox 1293 2829 1364 2886; x_wconf 87' lang='lat'><strong>231.</strong></span> 
     </span>
     <span class='ocr_line' id='line_1_23' title="bbox 246 2929 1364 3013; baseline 0.002 -19"><span class='ocrx_word' id='word_1_142' title='bbox 246 2935 318 2995; x_wconf 80' lang='lat'><strong>232.</strong></span> <span class='ocrx_word' id='word_1_143' title='bbox 346 2934 419 2994; x_wconf 83' lang='lat'><strong>233.</strong></span> <span class='ocrx_word' id='word_1_144' title='bbox 445 2936 519 2993; x_wconf 83' lang='lat'>234.</span> <span class='ocrx_word' id='word_1_145' title='bbox 545 2930 748 3011; x_wconf 87' lang='lat' dir='ltr'>Stratonem,</span> <span class='ocrx_word' id='word_1_146' title='bbox 780 2929 984 3013; x_wconf 88' lang='lat' dir='ltr'>Scytlrinum,</span> <span class='ocrx_word' id='word_1_147' title='bbox 1016 2931 1237 3005; x_wconf 85' lang='lat' dir='ltr'>Frontonem,</span> <span class='ocrx_word' id='word_1_148' title='bbox 1269 2929 1364 2997; x_wconf 88' lang='lat' dir='ltr'>Stra-</span> 
     </span>
     <span class='ocr_line' id='line_1_24' title="bbox 244 3037 1364 3120; baseline -0.002 -16"><span class='ocrx_word' id='word_1_149' title='bbox 244 3045 364 3104; x_wconf 92' lang='lat' dir='ltr'>tonem.</span> <span class='ocrx_word' id='word_1_150' title='bbox 411 3037 590 3118; x_wconf 85' lang='lat' dir='ltr'>Excerpsit</span> <span class='ocrx_word' id='word_1_151' title='bbox 614 3037 717 3120; x_wconf 87' lang='lat' dir='ltr'>igitur</span> <span class='ocrx_word' id='word_1_152' title='bbox 740 3037 857 3104; x_wconf 89' lang='lat' dir='ltr'>Strato</span> <span class='ocrx_word' id='word_1_153' title='bbox 889 3037 1058 3102; x_wconf 85' lang='lat' dir='ltr'>actalius</span> <span class='ocrx_word' id='word_1_154' title='bbox 1087 3037 1234 3118; x_wconf 89' lang='lat' dir='ltr'>quidam,</span> <span class='ocrx_word' id='word_1_155' title='bbox 1270 3057 1364 3118; x_wconf 90' lang='lat' dir='ltr'>quem</span> 
     </span>
     <span class='ocr_line' id='line_1_25' title="bbox 246 3143 1365 3226; baseline 0 -18"><span class='ocrx_word' id='word_1_156' title='bbox 246 3149 364 3226; x_wconf 84' lang='lat' dir='ltr'>postea</span> <span class='ocrx_word' id='word_1_157' title='bbox 387 3143 581 3224; x_wconf 74' lang='lat' dir='ltr'>videbimus</span> <span class='ocrx_word' id='word_1_158' title='bbox 599 3143 801 3226; x_wconf 88' lang='lat' dir='ltr'>Stratonem,</span> <span class='ocrx_word' id='word_1_159' title='bbox 823 3143 1028 3225; x_wconf 90' lang='lat' dir='ltr'>Scythinum,</span> <span class='ocrx_word' id='word_1_160' title='bbox 1049 3145 1260 3225; x_wconf 84' lang='lat' dir='ltr'>Frontonem,</span> <span class='ocrx_word' id='word_1_161' title='bbox 1280 3145 1365 3208; x_wconf 92' lang='lat' dir='ltr'>Leo·</span> 
     </span>
     <span class='ocr_line' id='line_1_26' title="bbox 243 3252 364 3316; baseline -0.033 0"><span class='ocrx_word' id='word_1_162' title='bbox 243 3252 364 3316; x_wconf 87' lang='lat' dir='ltr'>nidum.</span> 
     </span>
    </p>

    <p class='ocr_par' dir='ltr' id='par_1_5' title="bbox 239 3355 1365 4293">
     <span class='ocr_line' id='line_1_27' title="bbox 335 3355 1364 3440; baseline 0 -18"><span class='ocrx_word' id='word_1_163' title='bbox 335 3356 417 3440; x_wconf 80' lang='lat' dir='ltr'>Quis</span> <span class='ocrx_word' id='word_1_164' title='bbox 448 3356 552 3439; x_wconf 90' lang='lat' dir='ltr'>igitur</span> <span class='ocrx_word' id='word_1_165' title='bbox 580 3355 768 3438; x_wconf 81' lang='lat' dir='ltr'>excerpsit?</span> <span class='ocrx_word' id='word_1_166' title='bbox 813 3357 964 3424; x_wconf 92' lang='lat' dir='ltr'>Vidimus</span> <span class='ocrx_word' id='word_1_167' title='bbox 996 3364 1099 3423; x_wconf 91' lang='lat' dir='ltr'>antea</span> <span class='ocrx_word' id='word_1_168' title='bbox 1126 3357 1296 3425; x_wconf 91' lang='lat' dir='ltr'>Stratonis</span> <span class='ocrx_word' id='word_1_169' title='bbox 1330 3365 1364 3422; x_wconf 89' lang='lat' dir='ltr'>et</span> 
     </span>
     <span class='ocr_line' id='line_1_28' title="bbox 243 3464 1364 3547; baseline 0 -17"><span class='ocrx_word' id='word_1_170' title='bbox 243 3465 413 3530; x_wconf 89' lang='lat' dir='ltr'>Leonidae</span> <span class='ocrx_word' id='word_1_171' title='bbox 438 3466 682 3547; x_wconf 85' lang='lat' dir='ltr'>epigrammata</span> <span class='ocrx_word' id='word_1_172' title='bbox 699 3483 719 3528; x_wconf 89' lang='lat' dir='ltr'>a</span> <span class='ocrx_word' id='word_1_173' title='bbox 735 3464 944 3546; x_wconf 87' lang='lat' dir='ltr'>Diogeniano</span> <span class='ocrx_word' id='word_1_174' title='bbox 962 3471 1119 3547; x_wconf 85' lang='lat' dir='ltr'>excerpta</span> <span class='ocrx_word' id='word_1_175' title='bbox 1136 3484 1221 3532; x_wconf 88' lang='lat' dir='ltr'>esse.</span> <span class='ocrx_word' id='word_1_176' title='bbox 1260 3467 1364 3531; x_wconf 91' lang='lat' dir='ltr'>Fron·</span> 
     </span>
     <span class='ocr_line' id='line_1_29' title="bbox 243 3571 1362 3653; baseline 0.001 -18"><span class='ocrx_word' id='word_1_177' title='bbox 243 3576 355 3636; x_wconf 90' lang='lat' dir='ltr'>tonem</span> <span class='ocrx_word' id='word_1_178' title='bbox 378 3571 515 3637; x_wconf 92' lang='lat' dir='ltr'>eundem</span> <span class='ocrx_word' id='word_1_179' title='bbox 540 3589 614 3637; x_wconf 90' lang='lat' dir='ltr'>esse</span> <span class='ocrx_word' id='word_1_180' title='bbox 646 3571 716 3636; x_wconf 91' lang='lat' dir='ltr'>iure</span> <span class='ocrx_word' id='word_1_181' title='bbox 748 3577 870 3652; x_wconf 90' lang='lat' dir='ltr'>putant</span> <span class='ocrx_word' id='word_1_182' title='bbox 893 3572 957 3638; x_wconf 89' lang='lat' dir='ltr'>viri</span> <span class='ocrx_word' id='word_1_183' title='bbox 981 3572 1086 3653; x_wconf 90' lang='lat' dir='ltr'>docti,</span> <span class='ocrx_word' id='word_1_184' title='bbox 1119 3573 1174 3653; x_wconf 90' lang='lat' dir='ltr'>qui</span> <span class='ocrx_word' id='word_1_185' title='bbox 1198 3591 1270 3638; x_wconf 93' lang='lat' dir='ltr'>cum</span> <span class='ocrx_word' id='word_1_186' title='bbox 1293 3573 1362 3637; x_wconf 85' lang='lat' dir='ltr'>Ha·</span> 
     </span>
     <span class='ocr_line' id='line_1_30' title="bbox 245 3677 1364 3762; baseline 0 -20"><span class='ocrx_word' id='word_1_187' title='bbox 245 3679 360 3744; x_wconf 87' lang='lat' dir='ltr'>driano</span> <span class='ocrx_word' id='word_1_188' title='bbox 376 3678 592 3762; x_wconf 87' lang='lat' dir='ltr'>epistularum</span> <span class='ocrx_word' id='word_1_189' title='bbox 609 3677 838 3744; x_wconf 90' lang='lat' dir='ltr'>commercium</span> <span class='ocrx_word' id='word_1_190' title='bbox 854 3678 972 3744; x_wconf 88' lang='lat' dir='ltr'>habuit</span> <span class='ocrx_word' id='word_1_191' title='bbox 984 3679 1214 3759; x_wconf 90' lang='lat' dir='ltr'>Antoninique</span> <span class='ocrx_word' id='word_1_192' title='bbox 1230 3678 1284 3744; x_wconf 92' lang='lat' dir='ltr'>Pii</span> <span class='ocrx_word' id='word_1_193' title='bbox 1300 3679 1364 3745; x_wconf 82' lang='lat' dir='ltr'>fuit</span> 
     </span>
     <span class='ocr_line' id='line_1_31' title="bbox 247 3784 1363 3868; baseline 0.001 -18"><span class='ocrx_word' id='word_1_194' title='bbox 247 3785 408 3868; x_wconf 87' lang='lat' dir='ltr'>magister</span> <span class='ocrx_word' id='word_1_195' title='bbox 421 3784 577 3866; x_wconf 90' lang='lat' dir='ltr'>cuiusque</span> <span class='ocrx_word' id='word_1_196' title='bbox 589 3785 758 3866; x_wconf 87' lang='lat' dir='ltr'>poematia</span> <span class='ocrx_word' id='word_1_197' title='bbox 769 3784 877 3851; x_wconf 91' lang='lat' dir='ltr'>latina</span> <span class='ocrx_word' id='word_1_198' title='bbox 890 3791 972 3851; x_wconf 91' lang='lat' dir='ltr'>nota</span> <span class='ocrx_word' id='word_1_199' title='bbox 985 3793 1076 3864; x_wconf 82' lang='lat' dir='ltr'>sunt3</span> <span class='ocrx_word' id='word_1_200' title='bbox 1094 3786 1208 3866; x_wconf 90' lang='lat' dir='ltr'>itaque</span> <span class='ocrx_word' id='word_1_201' title='bbox 1219 3785 1274 3851; x_wconf 90' lang='lat' dir='ltr'>hic</span> <span class='ocrx_word' id='word_1_202' title='bbox 1289 3805 1363 3866; x_wconf 85' lang='lat' dir='ltr'>quo·</span> 
     </span>
     <span class='ocr_line' id='line_1_32' title="bbox 243 3891 1365 3975; baseline 0.002 -19"><span class='ocrx_word' id='word_1_203' title='bbox 243 3910 306 3972; x_wconf 88' lang='lat' dir='ltr'>que</span> <span class='ocrx_word' id='word_1_204' title='bbox 322 3891 493 3958; x_wconf 87' lang='lat' dir='ltr'>Stratonis</span> <span class='ocrx_word' id='word_1_205' title='bbox 518 3891 626 3957; x_wconf 88' lang='lat' dir='ltr'>aetati</span> <span class='ocrx_word' id='word_1_206' title='bbox 644 3892 908 3957; x_wconf 87' lang='lat' dir='ltr'>adnumerandus</span> <span class='ocrx_word' id='word_1_207' title='bbox 926 3897 988 3958; x_wconf 87' lang='lat' dir='ltr'>est.</span> <span class='ocrx_word' id='word_1_208' title='bbox 1028 3894 1081 3958; x_wconf 92' lang='lat' dir='ltr'>De</span> <span class='ocrx_word' id='word_1_209' title='bbox 1099 3891 1259 3975; x_wconf 86' lang='lat' dir='ltr'>Scythino</span> <span class='ocrx_word' id='word_1_210' title='bbox 1282 3893 1365 3958; x_wconf 91' lang='lat' dir='ltr'>nihil</span> 
     </span>
     <span class='ocr_line' id='line_1_33' title="bbox 242 3996 1361 4080; baseline 0.002 -17"><span class='ocrx_word' id='word_1_211' title='bbox 242 3997 372 4064; x_wconf 89' lang='lat' dir='ltr'>scimus.</span> <span class='ocrx_word' id='word_1_212' title='bbox 420 3996 596 4080; x_wconf 73' lang='lat' dir='ltr'>Quadrant</span> <span class='ocrx_word' id='word_1_213' title='bbox 620 3997 723 4080; x_wconf 89' lang='lat' dir='ltr'>igitur</span> <span class='ocrx_word' id='word_1_214' title='bbox 756 4004 907 4080; x_wconf 89' lang='lat' dir='ltr'>tempora</span> <span class='ocrx_word' id='word_1_215' title='bbox 938 4000 1051 4064; x_wconf 89' lang='lat' dir='ltr'>horum</span> <span class='ocrx_word' id='word_1_216' title='bbox 1081 4006 1257 4080; x_wconf 89' lang='lat' dir='ltr'>poetarum</span> <span class='ocrx_word' id='word_1_217' title='bbox 1289 4018 1361 4066; x_wconf 91' lang='lat' dir='ltr'>cum</span> 
     </span>
     <span class='ocr_line' id='line_1_34' title="bbox 239 4103 1363 4188; baseline 0.002 -18"><span class='ocrx_word' id='word_1_218' title='bbox 239 4103 460 4186; x_wconf 87' lang='lat' dir='ltr'>Diogenianei</span> <span class='ocrx_word' id='word_1_219' title='bbox 477 4104 661 4188; x_wconf 91' lang='lat' dir='ltr'>anthologii</span> <span class='ocrx_word' id='word_1_220' title='bbox 681 4110 806 4169; x_wconf 87' lang='lat' dir='ltr'>aetate.</span> <span class='ocrx_word' id='word_1_221' title='bbox 855 4106 938 4171; x_wconf 78' lang='lat' dir='ltr'>Tum</span> <span class='ocrx_word' id='word_1_222' title='bbox 954 4113 1081 4171; x_wconf 91' lang='lat' dir='ltr'>certum</span> <span class='ocrx_word' id='word_1_223' title='bbox 1098 4113 1151 4171; x_wconf 90' lang='lat' dir='ltr'>est</span> <span class='ocrx_word' id='word_1_224' title='bbox 1169 4107 1363 4172; x_wconf 90' lang='lat' dir='ltr'>Stratonem</span> 
     </span>
     <span class='ocr_line' id='line_1_35' title="bbox 241 4211 1362 4293; baseline -0.002 -16"><span class='ocrx_word' id='word_1_225' title='bbox 241 4212 310 4277; x_wconf 85' lang='lat' dir='ltr'>alia</span> <span class='ocrx_word' id='word_1_226' title='bbox 332 4211 397 4276; x_wconf 91' lang='lat' dir='ltr'>nisi</span> <span class='ocrx_word' id='word_1_227' title='bbox 421 4229 481 4277; x_wconf 89' lang='lat' dir='ltr'>sua</span> <span class='ocrx_word' id='word_1_228' title='bbox 505 4211 608 4293; x_wconf 91' lang='lat' dir='ltr'>ipsius</span> <span class='ocrx_word' id='word_1_229' title='bbox 633 4211 875 4293; x_wconf 88' lang='lat' dir='ltr'>epigrammata</span> <span class='ocrx_word' id='word_1_230' title='bbox 899 4232 964 4277; x_wconf 94' lang='lat' dir='ltr'>non</span> <span class='ocrx_word' id='word_1_231' title='bbox 988 4212 1147 4289; x_wconf 80' lang='lat' dir='ltr'>edidisse3</span> <span class='ocrx_word' id='word_1_232' title='bbox 1172 4212 1256 4277; x_wconf 84' lang='lat' dir='ltr'>conf.</span> <span class='ocrx_word' id='word_1_233' title='bbox 1274 4213 1362 4277; x_wconf 89' lang='grc' dir='ltr'>ΧΠ.</span> 
     </span>
    </p>
   </div>
   <div class='ocr_carea' id='block_1_4' title="bbox 331 4439 643 4508">
    <p class='ocr_par' dir='ltr' id='par_1_6' title="bbox 331 4439 643 4508">
     <span class='ocr_line' id='line_1_36' title="bbox 331 4439 643 4508; baseline -0.01 -14"><span class='ocrx_word' id='word_1_234' title='bbox 331 4442 352 4506; x_wconf 88' lang='lat'>¹)</span> <span class='ocrx_word' id='word_1_235' title='bbox 370 4439 476 4494; x_wconf 81' lang='lat' dir='ltr'>Iacobo.</span> <span class='ocrx_word' id='word_1_236' title='bbox 495 4439 575 4508; x_wconf 88' lang='lat' dir='ltr'>proll.</span> <span class='ocrx_word' id='word_1_237' title='bbox 594 4440 643 4493; x_wconf 90' lang='lat' dir='ltr'>1v.</span> 
     </span>
    </p>
   </div>
   <div class='ocr_carea' id='block_1_5' title="bbox 0 0 1734 5218">
    <p class='ocr_par' dir='ltr' id='par_1_7' title="bbox 0 0 1734 5218">
     <span class='ocr_line' id='line_1_37' title="bbox 0 0 1734 5218; baseline 0 2"><span class='ocrx_word' id='word_1_238' title='bbox 0 0 1734 5218; x_wconf 95' lang='lat' dir='ltr'> </span> 
     </span>
    </p>
   </div>
  </div>
 </body>
</html>
