3460 5218
788 444 1005 502 ...48-

425 614 547 697 Itaque
571 634 643 682 cum
667 623 762 682 carta
784 615 969 682 habeamus
999 615 1207 694 testimonia,
1238 616 1356 698 quibus
1384 636 1459 684 con-

335 722 484 789 firmetur
499 721 710 789 Hadrianum
728 721 862 789 Graeca
885 741 1012 805 quoque
1034 723 1276 807 epigrammata
1297 723 1460 805 conscrip

337 829 432 904 sisse,
457 848 498 894 ea
519 847 604 911 qaae
625 835 763 895 exstant
784 828 818 896 in
848 829 1050 914 anthologiis
1066 829 1208 897 Graecis
1228 848 1287 914 pro
1307 829 1459 913 genuinis

337 935 487 1018 accipere
509 955 575 1001 non
597 940 759 1002 vetamur.

424 1041 600 1108 Polliani
623 1043 658 1108 in
672 1041 882 1126 Anthologia
907 1042 1069 1108 Palatina
1092 1048 1251 1123 quattuor
1276 1043 1356 1128 (XI.
1385 1049 1456 1108 127.

339 1154 410 1214 128.
439 1150 635 1233 130.167.)‚
667 1168 765 1215 unum
794 1148 828 1215 in
858 1149 1033 1215 Planudea
1062 1149 1205 1236 (Duebn.
1228 1150 1329 1219 XVI.
1357 1151 1457 1236 150.),

337 1255 578 1339 epigrammata
610 1260 747 1323 servata
784 1260 878 1332 sunt3
922 1274 963 1321 ex
993 1256 1045 1322 his
1082 1256 1286 1340 epigramma
1319 1262 1391 1321 128.
1423 1257 1458 1323 in

336 1363 468 1429 Florum
491 1369 626 1444 poetam
649 1361 829 1444 invehitur,
844 1362 911 1444 -qui
935 1362 1082 1430 fortasse
1104 1363 1191 1429 idem
1215 1367 1269 1429 est
1294 1369 1394 1445 atque
1416 1364 1456 1440 is,

335 1487 431 1550 quem
446 1468 616 1536 Hadriani
639 1468 838 1535 familiarem
861 1469 966 1535 fuisse
990 1475 1134 1536 canstat.
1172 1469 1216 1537 Se
1231 1470 1338 1552 ipsum
1354 1470 1458 1554 elegis

335 1594 461 1656 quoque
486 1595 618 1658 operam
642 1577 723 1642 dare
747 1577 828 1643 uicit
852 1576 1094 1660 epigrammate
1118 1582 1199 1653 130„
1224 1594 1286 1658 quc
1311 1595 1348 1643 se
1371 1576 1456 1643 Par·

335 1682 442 1748 thenii
464 1689 499 1749 et
523 1682 720 1749 Callimachi
744 1689 948 1750 sectatorem
972 1702 1045 1750 esse
1069 1683 1252 1767 profitetur.

422 1790 475 1856 De
498 1789 713 1873 Dionysio
745 1789 1000 1873 epigrammatis
1024 1790 1090 1855 XI.
1126 1794 1198 1858 182.
1232 1795 1369 1857 auctore
1400 1790 1457 1859 vix

336 1896 419 1962 certi
447 1895 624 1978 quidquam
647 1896 773 1963 adferri
799 1896 935 1978 poterit.
985 1896 1155 1978 Suspicati
1178 1903 1256 1962 sunt
1279 1896 1344 1963 viri
1365 1897 1455 1964 docti

335 2001 375 2068 de
409 2002 516 2070 variis
553 2003 693 2069 omnium
728 2003 799 2069 fere
834 2009 1018 2086 temporum
1052 2002 1271 2088 Dionysiis31)
1307 2003 1457 2084 equidem

334 2127 452 2176 nomen
497 2110 532 2176 in
555 2109 661 2176 medio
684 2109 841 2191 relinquo,
876 2110 953 2192 quia
985 2116 1038 2176 tot
1067 2111 1215 2176 homines
1239 2104 1364 2177 Graeci
1394 2112 1455 2176 hoc

335 2362 364 2411 et
380 2356 545 2427 Phlegontis
564 2355 628 2411 libri
664 2356 801 2411 Hadriani
825 2372 886 2412 essa
906 2356 1043 2411 dicantur.
1081 2355 1273 2412 Catachannas
1297 2357 1384 2414 libros
1408 2359 1454 2413 ab·

335 2443 508 2501 scurissimos
518 2444 712 2500 Antimachum
726 2445 860 2500 imitando
872 2444 992 2514 scripsit.
1011 2445 1092 2500 Floro
1109 2453 1209 2514 poetae
1221 2445 1354 2502 scribenti
1366 2446 1401 2501 ad
1412 2462 1455 2504 ss:

708 2549 760 2603 ego
779 2533 842 2588 nolo
863 2534 968 2589 Caesar
987 2549 1057 2601 esse,
1148 2577 1149 2580 ,

707 2623 829 2678 ambiana
847 2638 898 2692 per
914 2620 1074 2690 Britannos,

708 2799 851 2868 Scythicas
870 2799 930 2870 pati
948 2799 1070 2869 pruinas,

333 2871 493 2943 rescripsit:

709 2959 762 3013 ega
780 2943 843 2998 nolo
863 2942 963 2997 Florus
983 2958 1052 3010 esse,

709 3032 830 3086 ambiere
848 3047 899 3100 per
917 3032 1055 3100 tabernas,

709 3122 822 3177 latitare
841 3137 891 3190 per
908 3121 1032 3190 popinas,

709 3211 811 3265 culices
829 3209 889 3280 pati
908 3211 1051 3265 rotundos.

334 3299 439 3353 amavit
456 3305 603 3369 praeterea
621 3315 709 3369 genus
728 3305 870 3355 vetustum
889 3298 999 3354 dicendi
1019 3336 1134 3354 .....
1154 3299 1193 3353 Et
1211 3315 1270 3368 cap.
1284 3300 1334 3354 οδε
1353 3306 1382 3354 at
1398 3313 1455 3352 mo·

333 3387 407 3444 niens
426 3387 536 3456 quidam
554 3390 604 3445 hus
623 3404 721 3445 versus
739 3388 839 3445 iecisse
858 3389 974 3443 dicitur:

705 3477 826 3533 animula
845 3479 948 3546 vagula
967 3476 1106 3544 blandula,

705 3568 806 3636 hospes
826 3582 972 3635 comesque
992 3567 1122 3636 corporis,
1155 3599 1157 3604 ·

707 3672 776 3724 quaa
796 3672 868 3711 nuuc
889 3654 977 3710 abibis
996 3655 1026 3709 in
1045 3656 1107 3710 loca

705 3746 839 3815 pallidula
857 3744 950 3814 rigida
968 3743 1072 3799 nudula

705 3850 765 3902 nac,
784 3842 816 3889 ut
836 3833 919 3902 soles,
940 3832 1019 3886 dabis
1038 3833 1120 3888 iocos.

333 3923 405 3978 tales
417 3929 509 3978 autem
522 3940 574 3979 nac
586 3923 673 3978 multo
686 3921 814 3978 meliores
828 3923 898 3978 fecit
914 3930 944 3977 et
957 3920 1086 3977 Graecos.
1097 3950 1130 3960 —
1142 3919 1275 3975 conferas
1287 3918 1454 3974 Baehrentis

332 4019 406 4081 poet.
431 4013 481 4068 lat.
504 4012 568 4068 min.
595 4013 751 4067 raa-196.
775 4020 804 4066 et
829 4010 901 4081 apud
926 4009 1043 4066 Dionem
1068 4010 1193 4065 Cassium
1217 4009 1294 4064 vides
1319 4007 1454 4076 scriptum

333 4103 454 4174 (69‚10.):
475 4101 676 4174 ὃΒορυσθὲσης
690 4101 705 4152 ὃ
717 4105 806 4159 ἵππος,
826 4095 848 4165 ᾧ
866 4097 983 4168 μάλιστα
995 4099 1093 4171 θηρῶν
1111 4098 1244 4169 ἠρέσκετο,
1264 4139 1290 4153 ..
1306 4137 1311 4152 .
1326 4138 1332 4152 .
1347 4136 1353 4150 .
1367 4136 1374 4150 .
1387 4095 1454 4147 α’πο-

332 4191 452 4242 &urricus
475 4191 527 4263 γὰρ
550 4191 625 4254 αὐτῷ
649 4195 692 4241 καὶ
715 4191 804 4259 τάφον
828 4190 1002 4240 κατεσκεύασε
1027 4192 1071 4239 καὶ
1094 4184 1191 4253 στήλην
1214 4189 1303 4252 ἔστησε
1332 4189 1376 4236 καὶ
1400 4185 1455 4235 ἔπιε

332 4281 479 4351 γράμματα
498 4281 657 4351 ἐπέγραψεν,
689 4281 828 4351 (Latinum
848 4285 941 4334 exstat
960 4279 1129 4348 epigramma
1148 4277 1220 4346 apud
1238 4274 1362 4332 Riesium
1381 4273 1455 4344 903.)

423 4370 444 4440 ¹)
462 4368 588 4439 inprimis
606 4369 640 4426 da
659 4368 791 4438 Dionysia
811 4369 949 4438 Sophiste.
971 4367 1094 4440 (Balaka,
1115 4366 1229 4437 laccbs.)
