3460 5218
784 518 1004 577 -26-

236 701 240 710 ’
336 690 536 760 Inoisionum
559 695 596 759 et
619 691 817 758 diaeresium
842 692 902 757 hos
927 689 1047 774 collegi
1069 710 1236 758 numeros:

424 797 708 866 Penthemimeres
732 805 911 881 usurpatur
934 798 1099 864 versibus:
1125 804 1177 861 25.

427 904 713 973 Penthemimeres
736 924 808 970 cnm
831 905 982 972 bucolica
1004 904 1176 972 incisione:
1204 911 1275 970 157.

426 1011 695 1079 Trithemimeres
732 1031 802 1078 cum
838 1012 1148 1094 Hephthemimere:
1186 1019 1215 1078 2.
1245 1012 1459 1098 (X1.270,1.

338 1121 461 1202 1111.)

426 1226 695 1294 Τ1ί11111111111111
731 1246 804 1294 cum
835 1226 1131 1309 Hephthemimere
1165 1232 1200 1293 11
1229 1227 1381 1294 bucolica
1411 1227 1460 1294 in·

338 1333 477 1401 cisione:
505 1343 533 1396 1.
559 1335 639 1417 (XI.
667 1333 789 1420 41117.)

426 1439 502 1517 μετά
525 1448 631 1522 τρίτου
654 1455 819 1523 τροχαῖονε
845 1446 897 1505 45.

424 1547 502 1624 μετά
525 1554 632 1627 τρίτου
655 1563 810 1628 τροχαῖον
834 1567 906 1614 cum
929 1548 1094 1614 bucoliear
1119 1554 1171 1611 69.

425 1653 612 1722 Adamavit
648 1674 727 1739 ergo
762 1654 1043 1737 penthemimeren
1079 1660 1115 1721 et
1149 1653 1353 1720 trochaicam
1388 1672 1461 1720 curn

336 1762 489 1829 bucolica
512 1761 672 1829 incisione
696 1762 901 1829 coniunctas,

426 1870 478 1936 De
501 1868 657 1951 prosodia
679 1868 737 1935 vix
760 1867 937 1949 quidquam
960 1872 1144 1934 memoratu
1174 1868 1306 1952 dignum
1331 1866 1459 1934 inveni:

339 1975 578 2058 correptionem
602 1975 743 2042 atticam
767 1976 860 2042 modo
884 1976 1039 2058 respexit,
1072 1976 1166 2041 modo
1190 1974 1339 2058 neglexit
1363 1973 1461 2040 Luci·

338 2081 412 2158 line,
444 2082 504 2149 sed
528 2082 670 2148 maxime
700 2082 836 2164 corripit
861 2082 1024 2165 syllabam
1049 2089 1207 2164 sequente
1231 2081 1462 2149 coniunctione

338 2188 529 2255 litterarum
552 2196 717 2256 mutarum
738 2208 810 2255 cum
826 2188 951 2269 liquida
967 2212 993 2271 ρ.
1018 2190 1127 2256 Unum
1144 2194 1206 2271 est,
1231 2189 1316 2270 quoa
1332 2206 1461 2255 moneo:

339 2296 406 2361 XI.
432 2302 522 2378 80‚2:

425 2394 511 2466 Ἆπιν
524 2422 531 2437 ·
545 2402 659 2466 οὐδένα
682 2399 742 2481 γάρ
764 2401 886 2466 πώποτ’
912 2403 1141 2483 ἐτραυμάτισεν,

339 2509 373 2575 id
397 2508 483 2589 quod
510 2508 656 2575 fortasse
680 2509 777 2592 gravi
800 2509 1068 2591 interpunctione
1091 2515 1278 2576 excusatur.
1324 2508 1461 2591 Hiatus,

339 2616 404 2682 nisi
427 2614 606 2698 legitimos,
631 2619 789 2695 quantum
813 2615 893 2684 vidi.
919 2616 1073 2684 evitavit.

430 2724 566 2805 Restat,
600 2728 638 2789 at
670 2723 710 2788 de
741 2722 983 2806 epigrammate
1010 2724 1154 2790 Iunioris
1185 2723 1294 2806 lapide
1326 2728 1461 2791 servato
1557 2786 1560 2789 .

341 2830 470 2917 (exstat
486 2831 573 2912 apud
584 2829 717 2895 Kaibel.
731 2848 781 2912 ep.
796 2850 844 2913 gr.
863 2832 1059 2897 8111111111.
1078 2850 1128 2914 gr.
1146 2831 1258 2898 11111.
1277 2830 1341 2897 Sic.
1359 2833 1459 2912 889.),

340 2937 426 3019 quod
442 2936 624 3005 Sinuessae
647 2937 782 3016 veteris,
807 2937 841 3002 id
865 2944 917 3002 est
940 2937 973 3004 in
992 2937 1186 3020 Campania,
1210 2940 1461 3020 repertumst,

340 3063 426 3110 nunc
448 3043 484 3110 in
506 3063 620 3110 museo
644 3044 869 3125 Neapolitano
895 3050 1059 3122 servatur,
1083 3045 1274 3111 iudicemus.

808 3147 996 3231 Ἰουνίορος.

468 3255 585 3332 Ἀκταῖς
607 3256 664 3338 τὴν
687 3251 810 3337 όμορον
833 3264 1010 3338 Σιυυητίσιν
1033 3258 1255 3337 Ἀφρογένειαν,

523 3369 611 3442 ξεῖνε,
638 3363 734 3428 πάλιν
755 3364 911 3443 πελάγους
932 3367 1055 3442 βλέψον
1078 3363 1300 3444 άνερχομένην.

470 3477 554 3534 Ναοί
573 3493 627 3547 μοι
650 3477 830 3548 στίλβουσιν
852 3469 906 3534 ὑπ’
932 3471 1041 3547 Ἠόνος
1063 3468 1102 3552 ἣν
1124 3494 1200 3535 ποτε
1223 3471 1353 3546 κόλποις

523 3576 666 3657 Δρούσου
690 3583 740 3640 καί
763 3587 898 3658 γαμετῆς
919 3581 1040 3656 θρέψεν
1063 3575 1190 3659 άθυρμα
1214 3579 1320 3653 δόμος.

469 3681 521 3748 Ἐκ
545 3688 577 3748 δέ
601 3685 732 3765 τρόπων
755 3685 856 3748 πειθώ
880 3709 912 3749 τε
935 3691 985 3748 καὶ
1008 3690 1133 3766 είμερον
1156 3686 1268 3749 έσπασε
1291 3690 1391 3764 κείνης

522 3798 584 3866 πᾶς
607 3791 703 3866 τόπος
726 3795 766 3866 εἰς
788 3789 900 3872 ἱλαρόν
923 3789 1033 3873 ἄρτιος
1051 3789 1259 3873 εὐφροσύνην.

469 3896 597 3976 Βάκχου
621 3895 680 3978 γάρ
704 3905 831 3973 κλισίαις
852 3922 891 3974 με
913 3901 1077 3963 συνέστιον
1099 3900 1312 3978 ἐστεφάνωσεν

523 4010 564 4081 εἰς
586 4006 638 4080 ἐμὲ
662 4003 721 4069 τόν
744 4011 883 4070 κυλίκων
906 4004 1004 4085 όγκον
1027 4009 1225 4088 ἐφελκομένη.

470 4117 572 4192 Πηγαί
596 4113 624 4175 δ’
649 4109 689 4175 αὖ
713 4117 781 4193 περί
804 4115 902 4190 πέζαν
926 4110 1137 4192 άναβλόζουσι
1161 4119 1310 4196 λοετρῶν,

525 4234 599 4294 παῖς
621 4216 694 4293 έμός
717 4216 753 4295 ἃς
776 4225 852 4282 καίει
876 4217 935 4283 σὺν
956 4225 1033 4301 πυρὶ
1056 4221 1240 4301 νηχόμενος.

470 4324 522 4406 Μή
541 4349 582 4401 με
603 4325 716 4406 μάτην,
741 4329 847 4403 ξεῖνοι,
871 4325 1060 4408 παροόεόετε
1083 4329 1284 4406 γειτνιόωσαν

524 4431 634 4518 πόντῳ
657 4437 708 4495 καὶ
730 4431 877 4511 Νύμφαις
900 4432 1045 4514 Κύπριδα
1068 4439 1120 4498 καὶ
1143 4441 1283 4519 Βρομίῳ.
