3460 5218
725 542 945 602 ...43-

277 716 418 799 plurima
441 716 591 800 scoptioa
614 723 691 784 sunt
715 722 751 782 et
773 715 996 800 hyperbolica,
1019 713 1144 798 insigni
1159 713 1325 781 interdum
1341 716 1396 780 ob·

277 823 444 890 scenitate
467 821 615 908 tineta1).

367 931 483 996 Pauca
506 929 546 996 de
569 928 735 997 nonnullis
759 928 1010 1013 epigrammatis
1035 927 1186 994 addenda
1211 947 1285 995 esse
1308 935 1398 1011 puto.

278 1034 587 1118 Stodtmnellerusi)
605 1035 730 1122 (Settio
754 1039 948 1119 praeeunte)
971 1037 1055 1102 haec
1075 1035 1318 1119 epigrammata
1338 1052 1397 1102 sno

277 1143 349 1211 iure
361 1144 529 1210 Nicarcho
540 1142 673 1209 tribuit:
687 1143 752 1209 XI.
767 1148 851 1226 223,
869 1143 954 1225 quod
969 1143 1088 1209 lemma
1104 1143 1206 1209 habet
1218 1140 1400 1220 Μελεάγρου

279 1255 314 1317 et
333 1250 419 1332 quod
440 1270 460 1317 a
476 1250 694 1318 Sternbachio
715 1251 806 1337 (app.
819 1250 1051 1319 Baro-Vatia
1064 1269 1139 1333 pag.
1155 1248 1197 1333 3.)
1214 1247 1399 1332 Antipatro

279 1357 387 1424 datur.
434 1357 554 1423 Mirum
577 1362 644 1439 est,
673 1357 760 1440 quod
783 1359 846 1424 hoc
872 1358 944 1424 loco
973 1356 1138 1441 Meleagri
1166 1356 1315 1423 videmus
1344 1356 1400 1421 ob·

279 1462 488 1544 scenitatem,
514 1482 585 1530 oum
605 1469 681 1530 tota
696 1484 776 1547 pars
793 1464 1024 1548 Diogenianea
1040 1467 1100 1541 sit;
1125 1463 1180 1546 qui
1195 1462 1414 1540 Nicarchum

278 1571 423 1647 noverit,
459 1570 589 1637 minime
621 1571 661 1637 de
691 1571 834 1656 genuino
866 1577 1004 1638 auctore
1038 1570 1217 1639 dubitabit.
1269 1568 1399 1635 Deinde

278 1676 468 1744 Nicarcllea
495 1681 585 1743 sunt:
618 1678 685 1743 XI.
709 1682 783 1744 219,
806 1675 1021 1757 Ἀντιπάτρου.
1056 1682 1128 1742 221.
1152 1673 1333 1753 Ἆμμιαυοῦ,
1363 1676 1399 1741 in

280 1783 453 1850 Planndea
476 1780 603 1864 ἄδηλον.
622 1790 696 1850 415,
719 1781 923 1865 Ἀντιπάτρου
943 1783 960 1865 ἢ
979 1785 1152 1864 Νικάρχου,
1174 1784 1209 1849 in
1225 1782 1399 1849 Planndea

281 1888 469 1970 dolorosam
500 1892 567 1958 iam
589 1891 763 1958 Iacobsius
791 1892 957 1959 Nicarcho
989 1891 1082 1958 dedit
1112 1898 1248 1974 propter
1275 1889 1399 1955 similia

280 2003 478 2082 argumenta
507 1997 543 2064 in
574 2003 649 2062 241.
680 2002 715 2065 et
745 2004 819 2064 242.
866 2000 948 2066 Tum
980 1997 1260 2066 Stadtmnellerus
1291 1998 1402 2063 obser·

282 2105 377 2172 vavit
400 2105 517 2170 miram
540 2106 725 2172 hexametri
749 2105 958 2172 incisionem:

369 2219 415 2287 τίς
437 2220 504 2288 σοι’,
528 2213 749 2299 Μεντορίδη.)
771 2221 945 2294 προφανῶς
968 2210 1102 2296 solivae
1125 2211 1135 2281 Ι
1156 2214 1401 2292 μετέθηκεν...

280 2323 316 2386 et
340 2324 452 2401 242,1:

370 2425 409 2489 οὐ
433 2424 567 2503 δύναμαι
589 2435 717 2506 γνῶναι,
742 2427 753 2512 s
776 2426 912 2507 πότερον
938 2433 950 2508 l
973 2435 1070 2507 χαίνει
1094 2426 1106 2512 l
1128 2426 1311 2506 Διόδωρος.
1331 2471 1364 2488 ..

279 2531 347 2600 ΧΙ.
374 2537 446 2596 118.
475 2537 511 2598 et
539 2539 610 2597 119.
634 2533 668 2600 in
691 2533 851 2601 Palatina
880 2536 1048 2628 καλλικτῆὸ
1082 2535 1140 2620 (Β)
1169 2533 1336 2606 feruntur,
1368 2532 1403 2599 in

280 2638 455 2705 Planndea
482 2641 654 2720 Νικάρχου.
702 2641 843 2722 Utrique
877 2642 1046 2716 convenit,
1078 2661 1154 2706 nam
1187 2639 1400 2707 Oillactorem

280 2763 408 2827 quoque
431 2748 516 2814 satis
531 2747 636 2814 fnisse
656 2750 832 2814 obscenum
857 2749 1009 2832 arguitur
1024 2748 1265 2831 epigrammate
1281 2747 1322 2814 V.
1336 2750 1402 2822 29,

280 2850 331 2918 ita
362 2859 400 2918 ut
430 2852 583 2920 iudicium
615 2855 655 2921 de
687 2855 828 2938 genuino
861 2863 997 2922 auctore
1028 2855 1116 2922 serre
1150 2873 1215 2920 non
1251 2853 1400 2920 audeam.

370 2959 437 3024 XI.
457 2965 529 3023 169.
554 2966 590 3026 et
616 2965 688 3024 170.
705 2961 739 3027 in
755 2961 929 3028 Planudea
951 2979 1126 3045 perperam
1149 2960 1318 3028 Nicandro
1341 2959 1401 3026 tri·

281 3067 436 3131 buuntur.

370 3173 438 3239 XI.
470 3177 545 3237 224.
576 3174 680 3242 isdem
717 3176 939 3260 argumentis,
975 3176 1092 3257 quibus
1123 3173 1404 3242 Stadtmuallerus

283 3283 356 3344 219.
381 3286 417 3346 at
440 3286 514 3344 415.
532 3280 717 3365 Antipatro
742 3283 958 3366 abiudicavit,
983 3302 1044 3367 ego
1068 3301 1195 3364 quoque
1220 3281 1403 3348 abiudicem

282 3387 570 3455 Thessalonicensi
594 3397 630 3455 et
654 3391 821 3457 Nicaroho
845 3391 999 3457 tribuam.

371 3499 445 3560 241.
473 3494 508 3560 in
532 3495 705 3563 Planndea
729 3494 857 3578 ἄδηλον,
892 3497 1081 3564 defenditur
1108 3503 1146 3564 ut
1169 3495 1330 3564 Nicarchi
1353 3515 1402 3561 se·

281 3605 403 3682 quanta
426 3606 462 3667 at
485 3608 560 3666 415.
585 3603 849 3688 epigrammatis.

375 3712 449 3772 244.
474 3708 546 3775 sola
574 3711 749 3778 Planndea
772 3711 938 3778 Nicarcho
969 3711 1180 3795 adsignatur,
1204 3711 1275 3777 iure
1311 3728 1401 3777 sane.

371 3819 443 3878 331.
468 3815 502 3882 in
522 3817 696 3884 Planndea
719 3835 891 3901 perperam
906 3817 1091 3901 Antipatro
1113 3816 1402 3884 Thessalonicensi

282 3919 453 3988 tribuitur:
481 3941 523 3988 en
552 3924 657 3992 habes
686 3924 825 3991 eandem
848 3926 1086 4009 corruptelam,
1118 3943 1216 4007 quam
1245 3942 1345 4007 supra
1368 3922 1402 3989 in

281 4033 424 4110 utraque
447 4029 642 4114 anthologia
666 4031 871 4114 agnovimus.

369 4135 614 4202 Ammiannm
629 4137 751 4205 Lucilii
768 4137 990 4220 Nicarchiqua
1008 4138 1189 4221 aequalem,
1210 4156 1273 4204 non
1290 4137 1402 4220 quarti

371 4382 393 4450 ¹)
412 4381 517 4440 lecobs.
536 4384 613 4441 Xlll.
632 4385 693 4441 929.

370 4469 392 4539 ¹)
410 4470 483 4528 Barl.
501 4471 568 4543 phil.
588 4472 782 4530 Wochouscllr.
803 4472 883 4540 1899,
902 4474 965 4530 325.
