3460 5218
777 493 997 552 ...34-

327 664 477 732 adhibito
501 669 561 731 aut
582 667 684 732 verbo
709 665 839 749 addito,
872 663 958 747 quod
981 683 1050 732 rem
1075 667 1176 734 semel
1199 666 1327 733 iactam
1351 656 1447 748 quasi

326 792 456 855 semper
478 771 604 838 factam
628 790 702 838 esse
725 771 864 839 indicet:
1326 785 1331 800 ·

419 883 491 955 135,
516 883 546 940 2.
571 879 767 959 νεκρότερον.

419 989 524 1067 137,2.
551 982 791 1065 ὠμοβοειότερα.

419 1097 523 1171 134,4.
568 1089 835 1170 Ἡλιοδωρότερον
866 1092 935 1177 (vel
965 1092 1105 1159 nominis
1118 1151 1121 1156 r
1136 1093 1334 1176 appellativi
1363 1112 1447 1160 com·

325 1199 516 1284 parativum
539 1198 696 1284 admisit.)

418 1312 502 1390 68,2.
526 1305 756 1382 μελαινοτάτας.
790 1305 890 1393 (quod
913 1306 1000 1389 apud
1015 1306 1159 1389 reliquos
1184 1312 1339 1373 auctores
1363 1306 1446 1374 desi-

327 1414 485 1496 deretur).

419 1525 529 1602 259,2=
554 1517 594 1582 οὐ
617 1519 726 1583 δύνατ’
751 1516 850 1583 αὐτὸν
874 1520 1044 1608 (σαλεῦσαι)
1070 1513 1144 1600 ὅλης
1167 1515 1316 1601 φάρμακά
1336 1527 1447 1585 Θεσσα-
1542 1555 1544 1560 -
1596 1549 1599 1558 1

328 1633 402 1707 λίης.
450 1645 478 1692 e.
497 1647 527 1708 q.
547 1645 572 1692 s.
591 1647 617 1692 s,

417 1733 451 1819 2)
474 1735 735 1817 Exaggerantur
747 1735 850 1801 verba
864 1739 923 1800 aut
935 1752 1023 1800 nova
1041 1737 1076 1799 et
1092 1732 1245 1800 inaudita
1263 1733 1447 1818 finguntur:

418 1847 502 1917 69,1.
527 1841 728 1921 τρικόρωνος.
1175 1929 1177 1933 ,

419 1953 492 2013 140.
516 1948 593 2015 vide
617 1967 717 2031 supra
741 1948 781 2014 de
805 1947 1057 2030 onomatopoeia
1079 1966 1155 2031 pag.
1181 1953 1233 2013 28.

419 2059 523 2131 196,1.
547 2056 769 2136 τριπιθὴκινος.

419 2166 614 2228 mla-247.
672 2161 767 2246 Quae
798 2162 1041 2247 epigrammata
1073 2160 1182 2226 omnia
1214 2166 1361 2227 tantam·
1377 2179 1450 2228 ver·

329 2271 444 2335 borum
468 2268 595 2350 copiam
627 2269 794 2352 exhibent,
825 2275 864 2337 ut
895 2269 995 2336 iacile
1027 2274 1148 2351 poetae
1180 2267 1359 2351 consilium·
1382 2266 1449 2333 ani·

330 2374 570 2442 madvertatur.

422 2481 578 2548 Ceterum
602 2481 698 2549 huius
715 2483 838 2550 ordinis
854 2489 925 2550 tam
941 2483 1049 2549 multa
1066 2485 1204 2548 exstant
1228 2481 1388 2564 exempla,
1412 2485 1450 2546 ut

334 2588 442 2656 omnia
465 2589 598 2657 adferre
620 2591 861 2672 supersedeam.

419 2712 453 2799 3)
478 2715 527 2780 Ut
557 2714 767 2797 hyperbolice
795 2715 959 2795 loquatur,
993 2713 1142 2781 Lucilius
1174 2732 1216 2779 ex
1245 2712 1450 2796 mythologie

331 2821 597 2905 comparationes
621 2827 656 2887 et
680 2822 828 2904 exempla
852 2821 973 2888 adfert.

420 2935 472 2993 88.
519 2927 576 3006 τὴν
598 2924 714 3008 μικρὴν
737 2932 912 3006 παίζουσαν
934 2924 1092 3008 Ἐρώτιον
1116 2922 1232 3006 ἥρπασε
1255 2926 1387 3004 κώνωψ,

565 3031 584 3114 ἡ
608 3038 663 3098 aa
685 3040 724 3117 τί,
756 3039 843 3114 φησὶ,
871 3034 984 3110 πάθω
1013 3042 1073 3098 Ζεῦ
1095 3033 1201 3114 πάτερ,
1226 3029 1244 3112 ἦ
1267 3034 1299 3109 μ’
1323 3034 1453 3108 ἐθέλεις

333 3140 556 3224 Lepidissima
580 3141 689 3207 omnia
711 3142 746 3209 in
770 3141 952 3212 minuscula
978 3159 1189 3225 exaggerans
1212 3140 1406 3224 hyperbole!

423 3270 496 3330 104.
528 3265 585 3332 ubi
608 3266 837 3334 Menestratus
860 3265 1031 3333 formicam
1057 3265 1212 3347 equitans
1237 3269 1272 3330 et
1297 3265 1453 3347 delapsus

333 3391 370 3439 se
392 3372 500 3455 ipsum
522 3391 595 3440 cum
618 3374 809 3440 Phaetonte
833 3378 1014 3455 comparat.

423 3502 528 3580 107‚3.
553 3513 649 3562 κεῖται
672 3493 735 3578 ὁ’ἢ’
751 3501 850 3582 rutupi
872 3499 1074 3576 §cortynae
1174 3559 1175 3562 ,

424 3629 496 3687 115.
522 3623 747 3705 Menophanes
778 3622 924 3689 medicus
954 3642 1026 3689 cum
1055 3621 1255 3705 Eurystheo,
1289 3619 1344 3701 qui
1367 3620 1453 3685 Her-

334 3731 440 3797 colem
461 3729 553 3796 misit
577 3729 620 3796 ad
642 3729 777 3812 inferos,
803 3729 980 3796 confertur.

424 3861 496 3922 131.
521 3854 737 3922 Deucalionis
760 3874 880 3936 aquam
895 3851 1160 3934 Phaetontisque
1183 3851 1293 3935 ignem
1310 3870 1382 3918 ¹nou
1403 3855 1455 3917 tot

338 3961 485 4028 homines
517 3962 678 4029 occidisse
710 3981 807 4043 quam
837 3959 1060 4045 Hermogenis
1092 3965 1127 4026 et
1158 3957 1353 4026 Potamouis
1385 3975 1455 4023 car·

335 4069 438 4151 mina;
464 4067 534 4135 dies
557 4088 609 4135 me
633 4068 767 4136 deficiat
791 4068 899 4134 omnia
923 4085 1123 4135 enumerare.

425 4191 460 4277 4)
485 4193 648 4259 Ultimum
679 4192 916 4281 deniqueret,
949 4191 1036 4272 quod
1058 4191 1207 4258 Lucilius
1237 4209 1292 4257 res
1323 4207 1456 4272 prorsus

332 4299 489 4379 invertit3
503 4319 588 4382 quae
598 4299 728 4366 omnino
736 4299 809 4367 fieri
817 4304 995 4383 nequeunt,
1008 4299 1102 4366 fiunt.
1124 4299 1221 4380 Vide,
1232 4271 1292 4364 sis:
1305 4301 1456 4360 89.-95.

335 4412 511 4473 tta-101.
538 4411 609 4473 105.
637 4411 711 4474 106.
738 4411 934 4472 111.-114.
962 4411 1035 4472 165.
1062 4410 1136 4471 257.
1170 4410 1244 4468 308.
1280 4409 1355 4472 391.
1380 4406 1456 4469 405.
