3460 5218
752 543 974 603 -76-

408 722 558 798 Χοίριλος
579 714 762 796 Ἀντιμάχου
786 715 871 780 πολύ
893 721 1046 779 λείπεται·
1061 713 1128 778 ἀλλ’
1153 715 1203 778 ἐπὶ
1226 715 1320 777 πᾶσιν

465 830 617 905 Χοίριλον
638 821 812 902 Εὐφορίων
834 823 897 901 εἶχε
920 819 971 886 διά
995 822 1159 897 στόματος,

408 937 459 995 καὶ
482 929 676 1010 κατάγλωσά
701 931 785 995 ἐκύει
808 929 847 992 τὰ
869 930 1029 1009 ποιήματα
1042 976 1050 1005 ,
1063 933 1115 992 καὶ
1138 928 1176 991 τὰ
1202 935 1319 1008 Φιλητᾶ

463 1038 615 1118 ἀτρεκέως
638 1034 703 1117 ᾔδει
717 1059 724 1075 ·
737 1041 789 1100 καὶ
812 1035 872 1116 γάρ
895 1033 1055 1116 Ὁμηρικὸς
1077 1029 1126 1116 ἦν,

303 1152 395 1212 cuius
418 1143 647 1210 obscenitates
678 1142 755 1210 olim
786 1148 1027 1226 perspexerunt
1055 1142 1122 1209 viri
1152 1142 1252 1208 docti.
1298 1140 1427 1208 Multae

301 1259 415 1320 tamen
443 1257 523 1318 sunt
560 1250 797 1328 dubitationes,
830 1251 963 1332 quibus,
995 1268 1038 1316 ne
1069 1249 1244 1334 genuinum
1275 1246 1429 1314 Cratetis

306 1359 510 1444 epigramma
522 1364 645 1440 putem,
661 1375 875 1424 commoveor.
892 1357 1041 1423 Primum
1054 1355 1228 1423 Oratetem
1241 1355 1428 1433 Malloeam,

303 1467 394 1534 cuius
416 1466 452 1532 in
474 1466 737 1550 fragmentorum
760 1464 907 1531 editione
931 1463 1235 1530 Wachsmuthiana
1259 1479 1429 1528 enumera·

303 1579 374 1641 tum
397 1573 491 1641 vides
515 1571 711 1654 scriptorum
731 1571 930 1654 catalogum,
948 1569 1115 1636 facultate
1130 1569 1263 1652 poetica
1278 1567 1429 1634 floruisse

302 1700 368 1749 non
403 1686 555 1755 constat,
592 1697 635 1744 ne
670 1679 912 1764 epigrammata
943 1678 1074 1760 quidem
1106 1696 1179 1743 eum
1208 1674 1430 1757 composuisse

307 1788 448 1862 scimus;
472 1795 542 1855 tum
560 1785 681 1854 Crates
697 1787 935 1870 Pergamenus,
961 1785 1017 1866 qui
1039 1785 1110 1867 ipse
1133 1802 1213 1851 vere
1232 1781 1430 1849 Homericus

304 1901 380 1961 erat
414 1895 617 1978 philologus,
654 1893 695 1958 de
729 1893 941 1976 Euphorione
979 1891 1182 1958 maledicens
1221 1890 1331 1956 dicere
1365 1906 1430 1955 non

303 2007 431 2085 potest:
461 2000 594 2081 καὶγὰρ
624 1997 789 2080 Ὁμηρικὸς
818 1996 867 2080 ἦν,
900 1999 1034 2066 etiamsi
1064 2001 1206 2065 obscene
1237 1996 1281 2062 ad
1310 1993 1432 2076 μηροὺς

304 2108 452 2175 fortasse
475 2108 633 2174 adludere
657 2106 779 2175 Crates
802 2105 963 2184 voluerit3
989 2105 1107 2173 deinde
1129 2124 1171 2172 nc
1187 2103 1430 2186 Euphorionem

304 2215 433 2298 quidem
463 2214 653 2280 Homericis
681 2231 824 2281 vacasse
855 2212 976 2280 studiis
1003 2231 1143 2295 usquam
1172 2210 1336 2277 traditum
1367 2213 1429 2284 est,

305 2340 491 2403 quanquam
508 2322 550 2387 de
567 2326 631 2386 hoc
653 2321 726 2403 ipso
749 2327 850 2403 poeta
873 2319 960 2386 satis
984 2320 1089 2385 multa
1113 2317 1251 2394 scimus3
1276 2321 1432 2398 quartum

305 2429 446 2509 denique
469 2435 531 2504 est,
557 2427 643 2509 quod
666 2445 731 2494 non
755 2428 924 2502 habemus,
950 2445 1013 2508 quo
1037 2427 1143 2492 locum
1166 2425 1202 2491 in
1223 2422 1431 2506 Anthologia

305 2535 522 2618 explicemus3
548 2541 705 2602 servatur
728 2535 763 2601 in
779 2536 879 2618 longa
895 2533 1194 2618 Diogenianeorum
1213 2532 1431 2615 epigramma·

306 2647 376 2709 tum
408 2643 507 2725 serie,
539 2649 574 2709 et
605 2642 818 2724 alphabetico
847 2642 1039 2708 adnectitur
1070 2640 1346 2706 antecedentibus
1375 2638 1431 2719 (cf.

309 2756 381 2816 214.
395 2749 537 2847 -γράηιας,
558 2756 630 2827 215.
643 2750 748 2845 ε-ἴκοοι.
767 2755 839 2815 216.
855 2746 914 2812 τὸν
931 2754 1003 2814 217.
1018 2749 1153 2826 φεύγων.
1179 2752 1252 2810 218.
1272 2752 1430 2826 χοὶριλος).

305 2858 437 2923 Auctor
452 2856 703 2940 epigrammatis
719 2836 958 2940 gramma-ticos
975 2835 1108 2936 quidam
1124 2859 1187 2931 est,
1210 2833 1430 2920 cui-fortasse

303 2964 391 3030 idem
419 2962 551 3031 Crateti
575 2983 693 3030 nomen
718 2970 793 3030 erat
817 3002 858 3011 -
885 2962 958 3046 quis
983 2960 1069 3028 scit?
1093 2999 1146 3038 -,
1176 2961 1235 3026 sed
1263 2961 1318 3041 qui
1345 2961 1431 3028 vixit

305 3071 436 3138 Flauiis
460 3076 520 3137 aut
544 3071 689 3136 Traiano
712 3070 950 3152 Hadrianoque
973 3067 1237 3150 imperatoribus.

396 3182 591 3244 235.-238.
616 3177 859 3260 epigrammata
884 3183 1043 3259 quattuor
1066 3176 1197 3241 nominc
1212 3175 1431 3242 Demodoci

304 3283 397 3351 Lerii
407 3283 432 3368 1)
457 3285 587 3351 tradita
614 3289 701 3363 sunt,
721 3285 761 3350 de
778 3303 839 3365 quo
856 3284 933 3350 vide
949 3283 1174 3349 Aristotelem
1190 3283 1283 3364 (Eth.
1300 3281 1429 3348 Nicom.

305 3393 385 3463 VII.
409 3399 582 3472 9.1151·,
613 3389 663 3474 8)=
688 3391 728 3454 ού
750 3390 812 3470 μην
837 3387 904 3452 ἀλλ’
931 3383 1043 3465 ύμοιόν
1068 3413 1102 3466 γε
1125 3387 1205 3451 κατά
1228 3386 1283 3463 τάς
1305 3389 1432 3468 πράξεις

306 3495 410 3579 ὥσπερ
433 3496 471 3561 τὸ
487 3496 674 3592 Δημοδόκου
690 3502 733 3573 εἰς
748 3504 930 3576 Μιλησίουςε
947 3496 1113 3576 ,Μιλήσιοι
1130 3495 1275 3573 ἀξύνετοι
1297 3499 1355 3569 μὲν
1371 3494 1431 3557 ούκ

306 3611 389 3682 εἰσιν,
415 3609 513 3686 δρῶσι
531 3607 559 3668 δ’
578 3605 687 3685 οἷάπερ
703 3607 733 3668 oi
749 3603 926 3682 ἀξύνετοι.“
942 3617 1027 3685 quae
1042 3605 1148 3671 verba
1163 3602 1430 3686 ingeniosissime

209 3764 213 3774 .
306 3713 473 3797 Bergkius
496 3714 530 3778 in
553 3713 728 3796 pristinam
753 3712 925 3778 metricam
948 3712 1080 3794 redegit
1105 3711 1256 3776 formam:

466 3825 516 3883 καὶ
539 3819 612 3882 τάδε
636 3819 831 3900 Δημοδόκου·
878 3819 1021 3898 Μιλήσιοι
1045 3816 1189 3895 ἀξύνετοι
1212 3821 1270 3892 μὲν

520 3927 579 3990 ούκ
603 3931 686 4002 εἰσιν,
712 3930 828 4006 δρῶσιν
851 3931 880 3989 δ’
905 3925 1016 4005 οἷάπερ
1040 3925 1192 4002 ἀξύνετοι.

395 4037 478 4101 Tum
517 4033 670 4101 conferas
702 4033 809 4100 Schol.
839 4033 991 4099 Wechel.
1023 4033 1066 4097 ad
1101 4036 1251 4096 nostrum
1295 4029 1335 4094 de
1367 4048 1429 4110 quo

307 4141 420 4224 agitur
443 4139 660 4223 epigramma:
685 4142 834 4218 μέμνηται
863 4141 922 4201 τοῦ
952 4139 1184 4218 ἐπιγράμματος
1206 4137 1365 4216 Στράβων
1396 4137 1430 4199 ἐν

307 4248 426 4330 δεκάτῳ
457 4250 524 4310 τῶν
549 4248 852 4326 Γεωγραφουμένων
878 4246 921 4330 (p.
949 4249 1057 4325 118.§
1084 4251 1133 4308 12.
1159 4245 1209 4309 ed.
1234 4243 1363 4328 Didot.)
1389 4241 1428 4306 ού

398 4477 418 4548 ¹)
437 4476 544 4545 Bergk:
564 4493 589 4544 p.
608 4474 661 4542 lyr.
681 4475 728 4531 Gr.
747 4474 784 4530 ΙΙ.
803 4491 829 4544 p.
849 4473 972 4528 65.-67.
