3460 5218
781 525 979 583 -3..

320 699 457 782 pulatus
472 697 528 782 sit,
546 703 659 764 tamen
676 697 983 786 Stadtmuellerus1)
1000 698 1195 782 haesitavit,
1212 718 1290 765 num
1305 717 1342 766 re
1358 717 1441 766 vara

322 823 454 887 causae,
478 823 560 886 quas
582 804 635 873 vir
659 805 775 871 doctus
790 805 901 870 Italos
926 805 1054 880 attulit,
1079 805 1208 873 omnino
1232 811 1347 873 essent
1367 824 1440 888 pro·

320 913 464 990 babiles;
500 932 596 994 quem
630 920 760 996 secuto,
793 913 992 995 praesertim
1022 933 1096 980 cum
1130 913 1173 980 ad
1203 913 1338 980 Lucillii
1374 913 1440 996 epi·

322 1025 510 1104 grammata
532 1021 741 1104 segreganda
765 1021 882 1087 summi
897 1020 1055 1087 momenti
1071 1019 1116 1086 sit
1133 1021 1295 1102 quaestio,
1319 1020 1439 1087 iterum

322 1127 580 1222 deliberationes
604 1127 796 1209 epicricioar
818 1127 996 1194 instituere
1019 1127 1100 1193 mihi
1122 1127 1234 1195 liceat.

289 1217 373 1321 ἦ
411 1239 601 1298 Λουκιλλίου
631 1241 667 1300 et
698 1238 878 1298 Λουκιανοῦ
908 1235 1039 1302 nomina
1070 1236 1105 1301 in
1139 1235 1307 1308 lemmatis
1341 1234 1440 1300 lacile

321 1347 456 1425 propter
470 1341 604 1407 nimiam
617 1343 805 1408 litterarum
819 1342 1067 1410 similitudinem
1080 1341 1218 1410 confusa
1231 1357 1305 1409 esse
1317 1341 1441 1424 primus

320 1431 455 1516 'edocuit
479 1448 685 1516 Gualtherus
706 1451 855 1532 mugen),
881 1450 977 1516 simul
1001 1449 1127 1517 additis
1150 1450 1340 1516 lemmatum
1365 1467 1442 1530 quo·

320 1556 460 1622 rundam
483 1555 605 1637 capitis
629 1557 792 1622 undecimi
816 1557 1075 1624 correctionibus
1098 1556 1311 1624 felicissimis.
1358 1557 1441 1624 Tum

321 1663 602 1732 Stadtmuellerus
624 1663 646 1728 l.
671 1663 692 1728 l.
718 1665 866 1731 carmina
889 1665 954 1730 XI.
980 1671 1177 1730 dni—436.
1214 1664 1324 1732 Settio
1347 1682 1440 1746 prae·

321 1776 421 1838 eunte
442 1770 591 1836 Lucieno
615 1771 821 1839 abiudicavit
845 1773 1084 1855 genuinumque
1108 1777 1277 1838 auctorem
1292 1770 1441 1837 Ammia-

321 1897 398 1945 num
414 1878 573 1945 restituit.
609 1879 678 1953 Ita,
696 1879 724 1944 si
741 1898 813 1945 cum
829 1879 882 1945 his
898 1879 1067 1958 faciemus,
1085 1897 1205 1958 eorum,
1229 1897 1315 1960 quae
1330 1879 1441 1961 capite

322 1984 492 2052 undecimo
516 1990 654 2052 servata
678 1990 757 2052 sunt
779 1985 922 2052 Lucioni
944 1985 1074 2052 nomine
1102 1985 1377 2070 epigrammatum
1400 2004 1441 2051 ne

322 2112 420 2159 unum
457 2092 586 2173 quidem
620 2092 763 2160 Luciani
798 2111 873 2160 esse
908 2094 1092 2177 credemus,
1133 2094 1229 2160 simul
1263 2094 1328 2161 hac
1362 2093 1441 2160 deli·

321 2198 495 2267 beratione
512 2200 665 2266 commoti
676 2200 820 2267 Luciani
836 2201 1077 2284 epigrammata
1092 2201 1128 2268 in
1144 2201 1255 2285 capite
1271 2201 1442 2267 undecimo

322 2307 451 2373 omnino
473 2307 580 2373 locum
603 2325 669 2373 nou
691 2307 825 2388 habere,
850 2326 923 2373 cum
947 2308 1147 2391 Diogeniani
1170 2306 1372 2392 anthologio,
1404 2314 1442 2390 ut

322 2431 423 2496 supra
446 2413 550 2495 docui,
582 2413 837 2482 insertafuisse
860 2416 1092 2498 nonpossint,
1116 2434 1179 2482 nec
1206 2420 1342 2499 praeter
1366 2414 1441 2480 Pni-

320 2519 411 2603 lippi,
437 2520 648 2604 Diogeniani,
672 2520 856 2604 Agathino,
881 2522 1044 2589 Palladae
1069 2523 1260 2607 fragmenta
1275 2520 1441 2590 Constan-

321 2629 426 2696 tinum
449 2629 483 2695 iu
507 2629 591 2695 libro
615 2629 785 2696 undecimo
809 2631 1029 2713 componendo
1054 2630 1130 2696 aliis
1161 2631 1308 2697 lontibus
1345 2670 1372 2678 —
1398 2648 1440 2696 ne

320 2737 490 2819 Meleagro
519 2736 649 2817 quidem
675 2777 714 2786 -
739 2756 832 2805 usum
856 2756 944 2815 esse,
977 2739 1043 2804 alio
1066 2739 1138 2805 loco
1162 2757 1213 2804 me
1237 2739 1441 2804 demonstra·

321 2851 428 2910 turum
454 2863 527 2910 esse
552 2862 658 2926 spero.

410 2950 557 3017 Primum
584 2952 671 3034 apud
693 2952 919 3018 Jacobitzium
946 2952 1087 3019 Lucioni
1119 2952 1205 3033 quod
1235 2951 1343 3018 fertur
1374 2950 1440 3033 epi-

321 3076 472 3142 gramma
496 3058 647 3126 servavit
670 3059 760 3125 solus
783 3059 938 3140 PhotinS,
964 3059 1128 3144 (biblioth.
1154 3059 1223 3125 cod.
1250 3059 1350 3142 tua),
1375 3058 1440 3139 qui,

320 3169 497 3251 postquam
526 3166 774 3232 celeberrimum
800 3165 882 3232 illud
910 3166 950 3232 de
972 3165 1121 3232 Lucieno
1145 3166 1225 3232 tulit
1248 3164 1440 3246 iudicium³t

320 3275 405 3340 haec
433 3273 542 3338 addit:
575 3268 625 3335 ὅτι
654 3276 686 3336 δὲ
710 3269 805 3349 αὐτὸς
832 3280 898 3337 τῶν
925 3276 1022 3352 μηδὲν
1049 3269 1088 3353 ἦν
1118 3268 1202 3348 ὅλοις
1225 3272 1440 3352 δοξαζόντων,

321 3386 373 3445 καὶ
407 3378 445 3444 τὸ
480 3383 535 3460 τῆς
567 3367 681 3456 βίβλου
715 3382 892 3460 ἐπίγραμμα
926 3383 1056 3444 δίδωσιν
1095 3377 1341 3456 ὑπολαμβάνειν,
1381 3380 1441 3458 ἔχει

320 3486 380 3568 γὰρ
404 3482 475 3551 ὦδε.
958 3563 960 3568 Ι

410 3592 586 3670 Λουκιανὸς
608 3593 673 3658 τάδ’
700 3595 831 3674 ἔγραψα,
856 3595 971 3659 παλαιά
995 3619 1026 3657 τε
1048 3594 1140 3672 μωρὰ
1163 3618 1197 3657 τε
1220 3594 1317 3668 εἰδώς,

471 3701 564 3782 μωρὰ
588 3701 647 3782 γὰρ
671 3701 853 3782 ἀνθρώποις
875 3708 925 3766 καὶ
943 3701 988 3791 Ιτοι
1012 3707 1168 3767 δοκοῦντα
1195 3700 1286 3778 σοφά.

411 3807 506 3874 οὐδὲν
528 3810 562 3873 ἐν
585 3806 780 3890 ἀνθρώποισι
804 3809 966 3890 διακριδὸν
989 3811 1053 3873 ἐστι
1077 3809 1188 3888 νόημα,

472 3911 540 3979 ἀλλ’
567 3915 585 3980 t
609 3916 648 3981 σὺ
671 3918 849 3996 θαυμάζεις,
874 3917 963 3980 τοῦθ’
988 3917 1115 3996 ἑτέροισι
1138 3917 1245 3994 γέλως.

322 4009 457 4019 ...—

411 4043 433 4113 1)
452 4041 525 4096 Berl.
545 4039 610 4110 phil.
631 4039 828 4096 Wochensehr.
849 4041 926 4107 1893,
945 4041 970 4094 3.

411 4131 433 4202 ⁹)
452 4131 485 4187 do
505 4128 668 4199 quibusdam
687 4129 763 4185 anth.
777 4129 825 4187 Gr.
845 4128 932 4200 epigr.
952 4145 1046 4184 comm.
1067 4125 1235 4184 Festschrift
1253 4125 1279 4183 d.
1297 4123 1397 4194 Gymn.
1416 4141 1440 4181 a.

320 4219 470 4277 Elberfeld.
492 4220 568 4274 1875.

411 4309 433 4372 't
452 4309 575 4376 συνθήκη
594 4306 623 4361 δὲ
641 4309 716 4372 αὐτῷ
734 4309 819 4364 οὕτως
837 4307 981 4378 ἥρμοσται,
1004 4307 1071 4359 ὥστε
1096 4303 1186 4358 δοκεῖν
1210 4305 1260 4357 τὸν
1278 4303 1440 4374 ἀναγιγνώσ-

321 4418 406 4450 κοντα
418 4397 455 4467 μὴ
467 4396 561 4467 λόγους
573 4396 668 4467 λέγειν,
686 4395 756 4449 ἀλλὰ
774 4395 853 4465 μέλος
871 4417 898 4448 τι
916 4397 1036 4469 τερπνὸν
1052 4401 1129 4468 χωρὶς
1147 4397 1282 4466 &poeseos
1300 4393 1368 4460 ᾠδῆς
1385 4406 1441 4448 τοῖς

321 4489 385 4541 aloto
404 4489 597 4551 ἐναποοτιίζειν
615 4489 673 4539 τῶν
691 4487 841 4558 ἀκροατῶν.
