3460 5218
736 509 957 568 ..15-

286 687 372 748 mort
391 683 420 748 I.
446 688 480 747 3:
506 688 542 756 τί,
567 674 593 743 ὦ
616 680 752 756 μάταιοι,
777 679 834 744 τὸν
854 679 974 761 χρυσὸν
997 681 1182 758 mutinam
1204 689 1236 744 τί
1257 685 1290 745 δὲ
1313 705 1406 758 τιμον-

288 797 391 869 ρεῖοθε
407 785 539 864 ἑαυτοὺς
554 787 752 865 λογιζόμενοι
768 785 843 863 τοὺς
862 787 992 863 τόκοος;
1016 786 1098 872 Quis
1122 793 1175 855 est
1198 789 1276 871 quin
1297 807 1405 856 renor-

290 897 387 963 detur
408 895 511 961 iocosi
533 894 622 960 illius
646 900 847 980 ψηφίσματος
874 895 907 961 in
931 895 1079 978 Menippi
1103 904 1118 974 ς
1145 902 1173 974 2,
1201 901 1257 978 20;
1289 896 1405 963 deinde

287 1003 463 1070 recordare
486 1002 574 1068 Pisc.
600 1007 657 1078 353
688 1020 796 1069 nonne
820 1000 883 1068 tibi
915 1001 1099 1069 simillimus
1132 1021 1310 1070 consensus
1334 1021 1406 1069 cnm

290 1110 529 1193 epigrammate
568 1110 608 1176 de
650 1127 713 1190 quo
749 1109 878 1192 agimus
913 1109 1016 1175 oculis
1051 1109 1270 1178 obversatur?
1327 1112 1418 1187 λέξις·

288 1217 537 1300 epigrammatis
572 1215 714 1283 conferri
745 1220 859 1299 potest
888 1234 961 1282 cnm
993 1216 1232 1299 epigrammate
1263 1219 1309 1284 X.
1342 1221 1405 1280 26.=

288 1323 428 1387 κτεάνων
451 1331 487 1389 et
510 1325 738 1400 πολυκτέανον,
763 1323 847 1403 quod
863 1325 999 1390 verbnm
1017 1323 1184 1389 Lucienus
1200 1323 1301 1390 etiam
1326 1323 1407 1390 alibi

288 1431 374 1495 hauri
397 1449 472 1497 raro
496 1435 650 1512 usurpat;
675 1429 717 1495 cf.
742 1430 844 1495 Alex.
870 1436 922 1493 24.

376 1539 511 1618 Restat,
536 1542 574 1603 ut
597 1538 638 1602 de
665 1537 713 1602 X.
741 1543 824 1615 122„
850 1537 936 1618 quod
963 1537 1034 1603 sola
1058 1538 1231 1603 Planudca
1259 1537 1405 1604 Luciano

289 1645 493 1728 adsignatur,
519 1644 672 1710 iodicium
694 1644 908 1727 proferamus.
955 1644 1107 1726 Namque
1131 1645 1171 1710 de
1195 1646 1242 1711 X.
1262 1651 1312 1708 43.
1338 1643 1406 1710 alia

288 1752 416 1818 tradita
439 1771 505 1817 non
527 1751 639 1817 inveni
662 1751 727 1816 nisi
751 1751 871 1816 lemma
895 1747 1031 1831 coquom
1059 1751 1217 1832 quomodo
1245 1751 1350 1834 igitur
1371 1751 1407 1817 in

288 1859 429 1926 Luciani
453 1859 615 1926 editiones
639 1859 822 1941 irrepserit,
849 1877 909 1942 ego
932 1877 996 1924 non
1021 1859 1126 1924 video.
1151 1895 1186 1904 —
1210 1858 1330 1924 Mirum
1353 1865 1406 1924 est

288 1967 392 2033 solnm
413 1967 476 2031 hoc
500 1985 542 2031 ex
556 1966 765 2049 Diogeniano
783 1965 987 2048 epigramma
1004 1966 1115 2047 capite
1133 1964 1257 2031 decimo
1278 1965 1407 2032 servari

289 2074 460 2156 magisque
476 2073 601 2153 mirum,
620 2092 693 2138 cum
707 2078 800 2139 totus
815 2072 974 2155 poematii
989 2078 1086 2138 tenor
1101 2090 1235 2155 prorsus
1257 2072 1407 2141 diversus

290 2181 335 2246 sit
359 2200 380 2245 a
402 2179 538 2246 Lucillii
560 2180 684 2261 indole;
708 2179 743 2244 in
768 2180 1018 2264 epigrammatis
1044 2187 1134 2246 certe
1158 2180 1309 2262 genuinis
1332 2199 1407 2246 nus·

289 2307 385 2369 quam
410 2287 675 2370 philosophorum
699 2287 888 2353 sententias
917 2287 1096 2369 expressim
1121 2305 1319 2367 quamquam
1344 2287 1408 2352 hac

290 2414 331 2460 ex
354 2412 390 2460 re
410 2393 541 2461 minime
565 2393 715 2460 concludi
730 2393 810 2460 licet
834 2413 906 2459 eum
928 2394 1057 2460 omnino
1081 2393 1318 2476 philosophiam
1343 2411 1409 2459 non

289 2502 477 2568 exercuisse
507 2501 604 2567 immo
635 2501 847 2584 philosophus
878 2505 963 2582 erat,
995 2501 1053 2566 sed
1085 2502 1171 2566 alins
1203 2500 1407 2583 disciplinae,

289 2628 354 2675 non
371 2609 441 2675 eius
458 2627 543 2689 quae
559 2608 724 2684 δαιμόνιον
741 2614 875 2674 exstare
891 2627 1085 2691 persuasum
1101 2609 1257 2684 habebat,
1274 2608 1308 2674 id
1324 2607 1410 2688 qnod

288 2716 378 2782 infra
401 2715 592 2781 accuratius
617 2715 825 2796 expositurus
849 2718 961 2797 sum1).
1008 2717 1130 2796 Itaque
1154 2716 1309 2781 hocloco
1333 2715 1409 2779 Pla·

287 2821 385 2890 nudis
409 2823 528 2892 lemma
551 2823 710 2888 Palatino
733 2828 909 2905 praestare
933 2823 1051 2902 elucet,
1071 2827 1122 2888 ut
1145 2821 1287 2903 saepius,
1312 2841 1409 2902 quam

288 2949 358 2996 rem
381 2929 495 2995 multis
524 2929 681 3012 exemplis
713 2930 940 2996 demonstrare
973 2929 1102 2995 studuit
1126 2927 1291 3011 Georgius
1313 2928 1409 2994 Fins·

288 3035 420 3124 lerum).
469 3036 503 3102 A
525 3036 673 3103 Lucieno
698 3037 901 3120 epigramma
923 3036 1013 3102 haud
1037 3037 1178 3102 alienum
1204 3041 1270 3113 est3
1303 3035 1411 3100 omnia

288 3143 516 3212 vocabula-
542 3149 577 3210 et
609 3148 686 3210 sunt
717 3143 750 3209 in
783 3143 850 3208 illis
881 3144 989 3209 minus
1020 3142 1150 3211 usitata
1177 3149 1229 3208 ut:
1254 3150 1353 3219 τῦφος
1376 3147 1411 3208 et

290 3247 393 3331 ὀφρύς
414 3251 649 3334 metaphorice,
674 3270 759 3332 quae
775 3250 968 3333 saepissime
984 3250 1197 3317 inveniuntur
1219 3249 1306 3331 apud
1322 3249 1412 3333 cyni-

290 3377 345 3424 cos
373 3359 602 3441 philosoph08‚
634 3367 726 3434 νᾶμα,
758 3359 893 3438 μαλαχὴ,
925 3358 1092 3433 πλάτανος,
1125 3361 1223 3435 χαμαί
1245 3399 1286 3409 -
1311 3375 1412 3439 saepe

293 3464 380 3548 apud
399 3465 580 3531 Lucienum
598 3473 788 3542 occurrunt3
814 3483 969 3547 expressa
994 3471 1047 3531 est
1072 3463 1242 3531 sententia
1265 3462 1427 3530 fortasse.

292 3591 333 3638 ex
355 3573 531 3656 Halcyone
541 3571 581 3650 ⁸):
614 3580 659 3656 τῷ
687 3575 838 3655 δαιμονίῳ
870 3569 907 3652 δὴ
930 3573 1067 3651 μεγάλην
1095 3577 1145 3634 καὶ
1169 3568 1209 3634 οὐ
1232 3569 1413 3650 συμβλητὴν

290 3676 450 3758 ὑπεροχὴν
480 3678 585 3755 ἔχοντι
618 3676 699 3758 πρὸς
729 3676 784 3754 τὰς
816 3677 961 3759 ἡμετέρας
997 3677 1142 3754 δυνάμεις
1171 3675 1282 3758 εὐχερῆ
1312 3677 1411 3754 τύχον

290 3787 364 3860 ἴσως
386 3782 511 3848 ἅπαντα
534 3783 573 3847 τὰ
597 3795 724 3848 τοιαῦτα
747 3791 798 3849 καὶ
821 3794 897 3850 λεῖα.

380 3891 703 3978 Quantumpertinet
716 3893 759 3959 ad
770 3894 884 3959 horum
898 3893 1173 3978 epigrammatum
1185 3895 1293 3957 artem
1300 3889 1411 3955 metri·

292 4017 373 4084 cam,
391 3998 563 4065 dicendum
576 4008 629 4065 est
641 4018 682 4065 ea
695 4000 782 4067 hand
794 4017 934 4082 peccare
946 4005 1063 4066 contra
1076 4000 1169 4082 leges
1185 3997 1280 4079 ertia,
1298 4000 1412 4063 temen

380 4175 401 4245 ¹)
420 4174 455 4230 cf.
475 4173 549 4229 infra
567 4191 631 4246 pag.
651 4176 694 4230 al.

379 4261 401 4332 ⁹)
420 4262 562 4320 Kritischa
579 4263 691 4320 Untera.
704 4280 729 4318 a.
743 4263 841 4320 Gasch.
860 4263 885 4320 d.
899 4263 1003 4334 griech.
1019 4262 1102 4318 Antia
1119 4261 1155 4317 Di
1161 4278 1197 4318 ss.
1211 4261 1305 4332 inaug.
1319 4260 1411 4316 Turio.

293 4351 370 4408 1876.
389 4367 415 4420 p.
436 4353 496 4408 lna.

380 4439 401 4511 ³)
421 4455 576 4508 quanquam
593 4456 647 4496 non
666 4438 763 4511 ignoro
781 4439 971 4507 Halcyonanm
988 4439 1253 4496 Pseudoiucianaum
1271 4455 1341 4496 essa.
