3460 5218
700 512 918 569 ...61-

337 682 409 767 Quo
447 689 595 766 tempore
632 683 833 765 Daphniaca
878 684 1060 767 composita
1099 685 1185 767 sint,
1223 684 1371 752 fortasse

247 807 499 873 cognoscemus,
536 789 582 872 si,
618 808 680 871 quo
720 801 869 874 tempore
905 790 1027 875 chius
1062 791 1263 874 compositus
1297 811 1371 858 esse

247 897 410 978 videatur,
436 895 616 980 contigerit
638 896 810 980 indagare.

337 1003 544 1070 Testimonia
566 1022 632 1069 non
654 1003 791 1069 adsunt:
816 1023 892 1070 nam
916 1010 1053 1085 praeter
1074 1022 1125 1084 ea,
1157 1023 1242 1086 quae
1270 1023 1371 1088 snpra

246 1109 470 1192 laudavimuS,
500 1109 660 1177 scholium
690 1115 823 1177 tantum
856 1115 971 1176 exstat
1001 1110 1036 1176 in
1072 1110 1185 1178 codice
1212 1113 1370 1179 Palatino

237 1218 293 1283 ad
318 1217 408 1299 prius
424 1217 598 1300 Agathiae
621 1217 821 1298 prooemium
845 1236 917 1299 cap.
934 1218 997 1286 IV.
1022 1217 1204 1300 adpictum:
1223 1218 1370 1297 ’Δγαοίου

247 1332 466 1401 Σχολαστικοῦ
494 1330 670 1405 Μνριναίου
702 1323 741 1387 οὐ
774 1327 937 1402 στέφανος,
971 1321 1050 1388 ἀλλὰ
1086 1325 1253 1405 συναγωγὴ
1288 1327 1371 1389 νέων

247 1430 501 1513 ἐπιγραμμάτων.
536 1428 696 1507 ’Ἠκμαοεν
719 1435 752 1495 δὲ
768 1425 862 1508 οὗτος
885 1428 1064 1511 ὁἈγαθίας
1085 1434 1133 1495 ἐπὶ
1148 1428 1370 1496 Ἰονστινιανοῖ

247 1542 305 1602 τοῦ
323 1537 481 1616 μεγάλου·
504 1539 639 1617 ἔγραψεν
670 1541 703 1600 δὲ
726 1544 777 1601 καὶ
800 1534 952 1619 Ἱστορίαν
975 1544 1024 1601 καὶ
1048 1539 1088 1602 τὰ
1110 1537 1368 1616 ἐπονομαζόμενα

247 1646 416 1722 Δαφνιακὰ.
450 1642 593 1725 Ἔγραψε
617 1649 650 1707 δὲ
674 1648 772 1708 ταῦτα
797 1643 833 1708 τὰ
857 1647 1073 1726 ἐπιγράμματα
1097 1645 1178 1727 πρὸς
1199 1645 1369 1727 Θεόδωρον

247 1755 450 1831 οεκουρίωνα.
497 1754 550 1817 Ex
578 1751 630 1818 his
658 1752 741 1817 nihil
768 1752 948 1835 lucramur,
978 1753 1036 1818 sed
1066 1752 1212 1819 fortasse
1235 1772 1276 1820 ex
1297 1753 1369 1836 ipso

249 1859 414 1940 prooemio
427 1859 612 1940 terminum,
625 1864 808 1941 postquem
822 1858 944 1942 Oyolus
957 1860 1158 1941 compositus
1170 1865 1233 1931 est,
1251 1860 1370 1926 elicere

247 1965 430 2048 continget.

335 2074 377 2140 V.
396 2078 447 2136 47.
465 2093 524 2154 αα,
550 2092 622 2138 cum
645 2061 786 2155 incipiat
810 2074 1043 2156 imperatorem
1067 2073 1219 2141 laudibus
1241 2071 1366 2150 efferre,

247 2181 331 2246 haec
355 2180 437 2246 dicit
460 2187 576 2261 poeta:

336 2287 387 2366 Μὴ
411 2310 455 2360 τις
477 2284 681 2364 ὑπαυχενίοιο
704 2286 806 2350 λιπών
831 2290 974 2366 ζωστῆρα
998 2286 1156 2350 λεπὰδνον

335 2392 496 2473 βάρβαρος
518 2395 549 2468 ἐς
571 2397 702 2474 βασιλῆα
724 2393 881 2472 βιὴμαχον
904 2390 990 2469 ὄμμα
1013 2394 1158 2472 τανύσσῃ.

335 2501 403 2576 En,
428 2501 522 2567 vides
545 2500 745 2581 prooemium
770 2500 928 2581 scriptum
953 2517 1026 2564 esse
1049 2505 1123 2566 toto
1147 2501 1226 2566 orbe
1246 2506 1368 2582 pacato

247 2608 460 2687 omnibusque
483 2607 581 2673 bellis
604 2607 748 2680 feliciter
777 2606 950 2684 consortie,
982 2605 1017 2670 id
1045 2611 1111 2687 est,
1141 2614 1218 2688 post
1247 2617 1368 2672 annum

248 2720 333 2791 558„
366 2733 428 2795 qno
456 2715 582 2780 Persae
610 2713 745 2779 taudem
775 2713 906 2779 subacti
934 2713 967 2778 in
995 2712 1177 2779 Iustiniani
1204 2721 1368 2780 venerunt

248 2822 424 2899 dicionem;
449 2819 534 2886 coni.
559 2840 588 2886 v.
616 2825 671 2886 49:

337 2928 408 3006 μηδ’
434 2928 477 2990 ἔτι
500 2932 612 3007 Περσὶς
635 2926 753 3006 ἀνάλκη
778 2924 1001 2990 ἀναστείλουσα
1024 2927 1208 3007 καλύπτρην

337 3031 450 3113 ὄρθιον
474 3031 638 3114 ἀθρήσειεν
655 3082 662 3096 .
682 3082 689 3096 .
707 3082 714 3096 .
733 3081 740 3096 .
766 3053 794 3099 e.
812 3055 840 3115 q.
858 3053 883 3100 S.

334 3142 453 3221 Neque
476 3141 579 3206 multo
600 3147 677 3222 post
698 3129 814 3222 pacem
829 3140 1023 3206 restitutam
1042 3139 1177 3223 GycIum
1196 3149 1367 3207 consutum

247 3267 320 3314 esse
343 3248 420 3314 inde
442 3247 481 3313 fit
504 3247 694 3326 verisimile,
719 3248 805 3328 quod
826 3249 965 3332 hymnus
981 3247 1015 3312 iu
1032 3247 1212 3314 Caesarem
1231 3253 1368 3329 propter

246 3355 404 3420 victrices
429 3355 499 3419 eius
523 3354 680 3420 bellorum
706 3355 932 3436 expeditiones
956 3361 1027 3419 tum
1043 3355 1149 3419 miuus
1166 3362 1367 3436 opportunus

247 3461 376 3543 fuisset,
401 3461 430 3526 si
454 3461 550 3526 multi
566 3460 644 3526 anni
659 3461 749 3527 inter
764 3460 857 3542 pacis
873 3465 908 3526 et
924 3461 1080 3542 prooemii
1098 3467 1248 3542 tempora
1264 3461 1366 3527 inter·

247 3568 439 3635 cessissent.
464 3567 635 3650 Agathias
647 3587 725 3650 ergo
741 3567 911 3633 contexuit
925 3585 1079 3633 coronam
1090 3567 1212 3650 viginti
1224 3569 1366 3648 quinque

247 3675 382 3741 circiter
402 3692 507 3740 annos
523 3679 634 3740 natus.
669 3675 764 3740 Ante
781 3675 868 3739 hanc
884 3677 1031 3740 aetatem
1049 3673 1152 3756 igitur
1167 3674 1366 3756 Daphniaoa

246 3781 351 3847 edidit
373 3780 497 3864 viginti
520 3780 666 3847 fortasse
690 3800 794 3846 annos
818 3784 927 3845 natus.

334 3887 603 3971 Daphniaccrum
618 3886 809 3970 fragmenta
826 3887 1067 3970 epigrammate
1083 3885 1150 3967 illo,
1168 3886 1252 3966 quod
1266 3905 1366 3968 supra

247 3995 459 4076 excussimus,
485 4000 635 4076 excepto,
659 4013 732 4059 mea
753 3993 883 4075 quidem
904 3992 1083 4070 sententia,
1109 3993 1142 4057 in
1157 3990 1365 4077 Anthologia

247 4103 339 4168 nulla
354 4101 582 4181 inveniuntur;
599 4119 677 4166 nam
693 4101 754 4166 duo
770 4100 831 4166 illa
847 4099 1014 4182 poematia
1026 4099 1263 4180 hexametrma
1280 4116 1366 4179 quae

247 4207 514 4292 Sternbaoniuu)
535 4207 743 4290 Daphniacis
767 4206 952 4272 addicenda
975 4206 1119 4288 putauit,
1144 4207 1217 4273 sola
1240 4205 1365 4273 coniec-

337 4440 358 4507 ¹)
377 4437 468 4493 molet.
488 4454 530 4507 gr.
550 4453 575 4506 p.
596 4437 651 4504 29.;
670 4452 731 4506 app.
751 4453 776 4504 p.
797 4437 839 4490 37.
