3460 5218
722 509 939 567 ..55-

271 703 337 750 non
367 687 521 767 possunt,
555 700 627 748 cum
655 680 877 762 alphabeticis
909 699 1036 763 quoque
1066 679 1234 748 ordinibus
1264 680 1394 749 inserta

273 809 348 858 esse
372 789 515 870 ἰσόψηφα
537 789 663 857 videas.

361 898 436 963 Iam
447 895 629 978 videamus,
647 894 757 962 sintne
774 895 843 962 alia
858 913 985 978 quoque
1003 895 1247 980 epigrammata
1258 902 1395 979 propter

271 1006 359 1070 hanc
382 1022 455 1071 cum
475 1001 621 1086 Philippi
645 1021 767 1068 corona
790 1001 1001 1077 adfinitatem
1015 1001 1248 1072 Alexandrino
1269 1002 1394 1069 maiore
1471 989 1473 994 ’

274 1111 345 1176 iure
369 1129 465 1191 quam
490 1110 672 1176 Tarentino
697 1105 955 1175 adnumeranda.

360 1217 427 1284 IX.
461 1222 512 1283 42.
544 1215 676 1281 Ἰουλίου
707 1219 874 1292 homoidon,
909 1215 1000 1281 inter
1035 1215 1229 1298 Philippeos
1258 1221 1392 1298 poetam

193 1393 196 1400 ,
273 1328 445 1402 ἰσοψηφίαν
468 1323 569 1389 aliam
592 1341 657 1389 non
679 1323 792 1389 inveni
815 1322 1001 1389 nisibeno:
1027 1327 1254 1404 801128051,
1278 1322 1393 1404 itaque

273 1429 398 1510 aliquid
423 1438 611 1512 corruptum
634 1447 708 1496 esse
733 1435 876 1496 constat.
1004 1468 1008 1476 ·

360 1539 425 1604 IX.
459 1542 510 1601 98.
550 1541 712 1601 Λεωνίδου
749 1542 954 1619 renovatam
990 1538 1151 1604 insertum
1186 1544 1240 1604 est
1273 1538 1394 1622 longae

272 1643 517 1727 Philippeorum
547 1645 820 1728 epigrammatum
850 1643 963 1718 seriei,
994 1645 1046 1711 ita
1073 1650 1112 1711 ut
1135 1644 1311 1712 Tarentini
1337 1663 1395 1711 no·

272 1751 369 1817 minis
393 1751 515 1817 mentio
539 1751 644 1817 locum
668 1768 734 1817 non
756 1752 896 1828 habeat3
928 1753 969 1817 ah
993 1750 1222 1820 Alexandrino
1250 1770 1314 1818 non
1338 1753 1393 1817 ah·

272 1858 401 1937 horret,
435 1857 567 1923 etiamsi
595 1857 664 1923 tria
688 1857 895 1924 inveniamus
918 1857 1076 1938 disticha,
1108 1876 1203 1939 quae,
1235 1865 1395 1940 quantum

271 1963 358 2038 vidi,
389 1968 542 2047 ἰσοψηφίᾳ
570 1965 659 2030 nullo
687 1964 781 2031 modo
809 1965 899 2031 inter
925 1983 962 2030 se
991 1964 1167 2031 coniuncta
1195 1970 1281 2032 suut.
1328 1963 1395 2030 Sed

273 2072 346 2152 quis
362 2071 606 2139 demonstravit
617 2070 801 2138 Leonidam
812 2070 1077 2138 Alexandrinum
1094 2072 1163 2138 alia
1175 2072 1240 2139 uisi
1253 2071 1394 2151 latonae

273 2197 337 2243 non
362 2175 620 2261 conscripsisse?
655 2178 877 2262 Weigaudius
894 2178 1094 2255 adfirmavit,
1116 2179 1176 2245 sed
1196 2179 1226 2245 si
1241 2197 1394 2247 numeros

276 2290 512 2368 computasset,
538 2303 603 2351 uon
619 2285 839 2367 adfirmasset,
864 2293 954 2369 puto.
1003 2284 1110 2352 Credo
1125 2285 1232 2369 igitur
1245 2285 1394 2352 Alexan·

276 2391 403 2458 drinum
430 2391 614 2458 Leonidam
644 2410 709 2458 non
741 2392 813 2458 sola
840 2391 981 2473 ἰσόψησα
1009 2393 1238 2476 composuisse.
1293 2391 1394 2460 Ouios

273 2517 366 2564 meac
402 2500 592 2565 sententiae
627 2498 795 2581 egregium
834 2501 939 2566 haheo
979 2506 1210 2583 argumentum
1249 2499 1395 2565 carmine

273 2605 339 2670 IX.
369 2611 441 2669 107.
487 2604 703 2671 Antecedeus
731 2606 936 2696 epigramma
963 2612 1033 2670 106.
1063 2604 1222 2686 ἰσόψηφον
1249 2624 1323 2671 esse
1345 2604 1394 2673 vi·

274 2712 395 2790 dimus;
424 2712 491 2777 iam
514 2712 674 2778 hahemus
698 2720 756 2775 τοῦ
778 2711 891 2794 chaom
924 2731 1027 2780 causa
1049 2732 1115 2779 nou
1138 2719 1200 2789 est,
1230 2732 1288 2779 cur
1310 2713 1394 2779 Leo·

272 2817 370 2883 uidae
395 2817 628 2884 ahiudicemus.
667 2818 736 2885 IX.
756 2825 828 2883 179.
853 2819 1014 2899 ἰσόψηφον
1037 2837 1111 2886 esse
1132 2819 1313 2886 verisimile
1329 2826 1393 2900 est,

273 2925 330 2991 sed
353 2924 481 2992 numeri
505 2944 571 2991 non
595 2926 724 2992 omnino
747 2926 923 3008 quadrant,
949 2931 1034 2991 8449
1052 2951 1061 2996 :
1079 2931 1179 3008 8490,
1205 2931 1395 3009 corruptum

271 3031 375 3115 igitur
398 3036 453 3098 ost
477 3031 611 3112 aliquid.

361 3139 482 3219 Itaque
516 3137 652 3221 scripsit
682 3138 851 3206 Leonidas
884 3139 1039 3220 ἰσόψηφα,
1076 3145 1111 3205 et
1144 3140 1229 3206 haec
1263 3138 1396 3221 quidem

271 3248 491 3324 μονοδίστιχα,
522 3246 572 3312 ita
600 3250 639 3312 ut
669 3246 856 3313 hexametri
883 3248 1073 3314 litterarum
1100 3265 1254 3315 numerus
1277 3251 1395 3330 penta·

273 3352 373 3418 metri
395 3353 540 3419 numeris
566 3354 798 3436 responderet,
831 3360 891 3422 aut
920 3354 1055 3421 duorum
1083 3354 1299 3421 distichorum
1327 3353 1395 3437 epi·

271 3470 474 3540 grammata,
505 3461 557 3527 ita
584 3468 623 3526 ut
651 3461 906 3543 uniuscuiusque
934 3461 1069 3529 distichi
1097 3461 1224 3529 numeri
1253 3462 1394 3529 alterius

271 3566 397 3633 litteris
420 3567 675 3650 respondereut;
699 3569 836 3650 scripsit
852 3575 964 3636 autem
981 3575 1016 3634 et
1033 3568 1132 3636 trium
1151 3569 1395 3652 epigrammata

272 3672 502 3748 distichorum,
538 3693 580 3740 ea
611 3679 743 3742 tantum
775 3693 838 3740 non
871 3674 1021 3755 ἰσόψηφα.
1073 3677 1195 3756 Itaque
1226 3674 1395 3758 paululum

272 3780 468 3863 corrigenda
480 3787 558 3848 suut
576 3781 780 3848 scholiastae
792 3783 897 3850 verba
910 3782 1033 3849 codicis
1045 3781 1197 3848 Palatini
1209 3783 1253 3864 (p.
1266 3781 1393 3861 415.V):

272 3883 318 3950 ὅτι
341 3885 446 3951 πάντα
468 3885 508 3950 τὰ
531 3887 745 3970 ἐπιγράμματα
768 3892 929 3952 Λεωνίδου
956 3889 1096 3968 dodonae
1117 3904 1124 3921 ·
1148 3890 1178 3950 ot
1206 3886 1265 3951 δύο
1293 3893 1395 3964 στίχοι

271 3989 478 4057 ἀποτελοῦσιν
501 3991 640 4075 ἀριθμὸν
662 3999 714 4058 καὶ
737 3999 767 4058 οἱ
790 3994 849 4058 δύο
873 3992 1001 4072 ὁμοίως.

360 4100 465 4168 Iulius
488 4102 657 4169 Leonidas
680 4103 930 4170 Alexandrinus
952 4103 1026 4184 ipse
1049 4102 1132 4169 dicit
1156 4120 1193 4169 se
1216 4101 1260 4168 ad
1279 4101 1394 4168 Nilum

271 4215 386 4274 uatum
410 4225 502 4274 esse:
527 4206 569 4274 cf.
594 4209 662 4274 lX.
687 4214 801 4284 atah:

360 4311 444 4377 τοῦτ’
470 4310 534 4378 ἀπὸ
558 4321 766 4393 Νειλογενοῦς
789 4318 861 4394 δέξο
884 4319 1047 4379 Λεωνίδεω

274 4427 308 4488 et
331 4421 399 4488 IX.
424 4427 537 4504 etad:
562 4425 657 4486 τοῦτο
675 4468 815 4488 ......
