3460 5218
820 521 1041 581 ..62...

370 701 447 762 tnra
479 694 524 761 ad
550 693 738 778 Agathiam
768 694 879 762 relata
909 700 996 761 sunt.
1042 693 1084 764 V.
1112 699 1164 759 77.
1195 695 1343 762 auctoris
1373 713 1490 761 nomen

369 803 473 870 habet
496 800 622 884 Rufini,
652 799 744 867 cuius
772 805 864 867 certe
891 819 956 866 non
985 805 1052 883 est,
1082 800 1142 867 aad
1168 805 1296 868 rectum
1319 807 1490 868 auctorem

369 908 546 976 Palladam
561 908 629 975 iam
645 907 829 975 Salmasius
844 905 1056 992 recognovit3
1073 907 1215 982 accedit.
1232 908 1319 989 quod
1333 907 1368 974 in
1383 906 1492 991 priora

369 1015 447 1082 libri
469 1013 577 1098 quinti
599 1020 713 1098 parte,
743 1015 785 1081 de
808 1031 874 1096 qua
897 1013 986 1080 inira
1009 1014 1199 1081 accuratius
1223 1014 1386 1098 agendum
1415 1013 1490 1092 erit,

369 1122 570 1206 Agathiana
593 1121 836 1206 epigrammata
858 1137 994 1202 prorsus
1015 1117 1144 1186 desunt.
1184 1120 1342 1187 Alterum
1361 1139 1491 1204 poema·

370 1229 452 1295 tium
481 1229 547 1296 IX.
565 1231 640 1292 498.
664 1265 708 1276 -
731 1226 794 1294 dno
817 1232 949 1293 tantum
972 1226 1142 1294 versiculi!
1167 1263 1209 1275 -
1229 1227 1350 1294 iterum
1375 1224 1493 1308 ἄδηλον

369 1333 532 1401 traditum
562 1338 616 1401 est
646 1353 751 1416 neque
774 1334 875 1400 ullam
899 1333 1051 1416 perspexi
1076 1351 1221 1414 eausam,
1250 1353 1315 1417 qua
1339 1335 1493 1401 commoti

370 1439 545 1525 Agathiae
573 1439 765 1507 adiciamus.
813 1441 922 1507 Unum
951 1445 1077 1506 certum
1107 1439 1376 1522 Daphniacorum
1404 1429 1522 1525 frag!

370 1553 516 1615 mentum
545 1548 607 1618 VI.
638 1553 690 1614 80.
748 1545 1005 1614 Constantinum
1040 1545 1173 1613 minime
1211 1567 1253 1614 ex
1286 1547 1492 1630 Daphniacis

372 1655 454 1738 ipsis
477 1654 684 1738 excerpsisse
708 1659 857 1732 oonstat;
882 1671 959 1720 nam
982 1672 1054 1720 cnm
1071 1653 1270 1738 Daphniaoa
1292 1673 1357 1720 non
1379 1661 1492 1721 esseut

372 1762 617 1845 epigrammata
641 1759 873 1842 Cephalaaque
888 1777 951 1825 uon
974 1759 1038 1826 nisi
1062 1761 1326 1844 epigrammaton
1346 1761 1493 1845 syllogus

372 1868 595 1950 excerpsisset
618 1872 797 1949 praeterea
819 1884 892 1933 cnm
913 1885 1011 1934 uuum
1027 1872 1159 1935 tautum
1176 1868 1272 1934 huius
1288 1868 1494 1934 collectionis

372 1973 459 2040 satis
482 1992 623 2057 magnae
647 1973 680 2039 in
701 1973 904 2056 authologiis
926 1979 1039 2040 exstet
1054 1974 1287 2058 fragmentum,
1313 1975 1495 2057 Cephalum

372 2080 545 2163 Agathiae
561 2079 762 2162 Daphniaca
784 2099 826 2146 ne
849 2080 982 2146 novisse
1006 2080 1137 2162 quidem
1158 2099 1353 2165 persuasum
1375 2082 1493 2147 habeo.
1532 2167 1536 2172 .

372 2187 587 2270 Deprompsit
610 2186 715 2270 igitur
737 2186 935 2270 prooemium
959 2188 1228 2269 Daphniacornm
1257 2208 1298 2255 ex
1321 2188 1494 2272 Agathiae

375 2293 488 2376 Oyolo,
514 2331 555 2341 -
579 2293 685 2360 locum
709 2293 796 2359 enim
819 2294 922 2360 habet
945 2293 980 2360 in
1008 2295 1108 2378 longa
1130 2295 1398 2380 Agathianorum
1429 2296 1495 2377 epi·

375 2407 595 2484 grammatum
620 2399 719 2466 serie:
736 2400 799 2469 VI.
818 2405 969 2466 63.-84.
983 2440 1023 2450 -
1039 2402 1094 2483 qni
1118 2421 1175 2468 sno
1198 2402 1270 2468 inre
1293 2405 1495 2486 epigramma

372 2506 455 2573 illud
477 2506 625 2589 recipere
648 2507 768 2590 potuit,
800 2526 872 2574 cnm
896 2513 931 2574 et
955 2509 1158 2592 epigramma
1182 2514 1273 2576 esset
1295 2528 1437 2588 revera
1461 2517 1496 2574 et

373 2613 526 2682 'versinus
549 2613 708 2697 elegiacis
733 2616 969 2698 conscriptum:
995 2615 1080 2682 eous.
1105 2634 1247 2698 prooem.
1272 2615 1364 2699 Cycl.
1385 2618 1446 2685 IV.
1465 2623 1495 2698 3,

378 2726 449 2784 106.
475 2739 543 2801 sq.r

464 2833 515 2890 καὶ
538 2828 635 2890 τόσον
658 2829 692 2904 ἐξ
714 2829 833 2907 ἕλέγοιο
857 2834 1049 2911 πολυσπερὲς
1071 2827 1172 2905 ἄνθος
1194 2829 1319 2911 ἀγείρας

463 2936 580 3008 στέμμα
605 2952 653 2996 σοι
676 2931 829 3010 cincinno
851 2936 1036 3015 καθήρμοσα
1061 2941 1271 3015 Καλλιοπείης.

465 3039 648 3106 Occasione
680 3041 762 3106 data
796 3060 876 3121 quos
905 3050 1024 3133 poetas
1048 3041 1150 3126 Cyclo
1174 3043 1381 3110 coniunxerit
1404 3043 1496 3126 Aga-

375 3147 476 3215 thias
501 3147 616 3227 paucis
640 3149 876 3226 quaeramus¹).

463 3253 552 3319 Nam
575 3253 640 3320 viri
664 3254 755 3320 docti
770 3255 861 3320 inter
877 3275 951 3321 sese
969 3256 1181 3337 dissentiunt,
1207 3275 1310 3339 nsque
1327 3259 1371 3324 ad
1386 3276 1497 3339 quam-

375 3379 451 3427 nam
483 3365 631 3426 aetatem
662 3362 886 3442 pertinuerint
916 3363 973 3428 illa
1006 3360 1149 3444 ἀρτιγενῆ
1180 3369 1231 3426 καὶ
1262 3366 1399 3446 νεώτερα
1433 3373 1498 3427 τῶν

375 3467 629 3547 ἐπιγραμμάτων.
682 3469 856 3551 Agathiae
888 3471 1090 3536 senteutiam
1124 3471 1153 3536 si
1185 3471 1228 3536 ad
1259 3475 1393 3538 verbum
1424 3491 1497 3539 ver·

335 3579 339 3588 '
378 3575 488 3648 timus,
513 3574 599 3638 hanc
624 3574 824 3656 efficimusn:
843 3577 947 3642 Porro
971 3577 1054 3643 illud
1077 3596 1203 3659 quoque
1219 3597 1339 3661 operae
1355 3578 1496 3661 pretium

378 3699 452 3747 essa
468 3680 548 3745 mihi
570 3680 750 3748 videbatur
768 3701 830 3748 uec
845 3702 910 3749 non
926 3684 1104 3767 ingratum,
1129 3686 1393 3768 epigrammaton
1413 3704 1498 3767 qnae

376 3787 471 3853 modo
494 3787 688 3869 prodierunt
716 3808 864 3869 quaeque
893 3790 1081 3856 recentiora
1110 3791 1216 3858 adhuc
1244 3792 1430 3870 latuerunt,
1463 3798 1499 3858 et

376 3894 445 3976 illa,
459 3912 546 3976 quae
558 3914 578 3959 a
591 3895 757 3960 nonnullis
771 3896 966 3976 quibusdam
977 3898 1087 3979 poetis
1105 3897 1175 3964 sine
1188 3898 1254 3964 ullo
1272 3899 1385 3965 ordine
1401 3900 1498 3983 (haec

379 4000 464 4067 enim
489 4001 580 4066 notio
604 4002 696 4068 vocis
712 4001 813 4082 χύδην
833 4009 886 4069 est
908 4004 968 4068 hoc
989 4004 1075 4081 lcoo;
1100 4005 1184 4070 coni.
1201 4006 1318 4088 Polyb.
1339 4014 1388 4068 15.
1409 4012 1496 4080 14‚2:

376 4108 477 4188 χύδην
492 4108 636 4187 &poenino
648 4103 739 4184 ὅπλα,
758 4111 877 4176 Alexis
890 4111 978 4192 apud
989 4111 1114 4177 Athen.
1131 4118 1182 4188 15,
1197 4111 1318 4179 686A:
1333 4111 1499 4190 στεφάνων

469 4356 491 4424 ¹)
511 4355 672 4411 Starubach.
691 4355 753 4412 mel.
774 4372 815 4426 gr.
835 4359 878 4412 al.
898 4372 937 4424 sq.
958 4357 1104 4428 Weigand.
1125 4359 1142 4414 l.
1162 4359 1179 4415 l.
1200 4361 1260 4415 560.
1280 4376 1319 4427 sq.

468 4442 490 4513 ⁹)
508 4443 526 4498 l.
545 4444 564 4499 l.
583 4444 653 4499 coni.
673 4460 757 4513 snpra
775 4461 839 4515 pag.
860 4446 902 4501 60.
