3460 5218
729 559 947 617 „37-

370 730 461 817 Quas
477 730 696 815 repetitiones
712 731 770 797 alii
787 749 914 813 qnoque
928 734 1050 814 poetae
1067 729 1304 800 admittebant
1328 750 1400 797 con-

280 839 369 905 feras
387 838 547 906 Nicarchi
564 838 705 921 exempli
720 838 847 922 gratia:
877 843 982 914 124,6.
1007 842 1042 904 et
1069 844 1180 915 125‚6=
1209 837 1284 914 τοὺς
1305 845 1399 918 θερα-

279 945 515 1022 αευομὲνους.1)

370 1426 535 1512 Quoniam
552 1447 636 1509 qliae
658 1426 698 1493 de
714 1425 843 1492 Lucilio
860 1426 1113 1508 exploravimus,
1139 1427 1294 1493 absoluta
1309 1431 1398 1503 suut,

283 1533 326 1600 ad
349 1534 492 1616 reliquos
514 1543 633 1616 poetas
654 1534 846 1617 transgredi
868 1533 980 1598 liceat.

371 1639 425 1707 Ac
447 1641 585 1723 prinlum
614 1639 744 1721 quidem
773 1638 812 1705 de
835 1639 1034 1706 Nicarcho
1064 1638 1219 1706 iudicium
1243 1639 1399 1707 feramus.

373 1817 394 1885 ¹)
413 1815 480 1872 Sero
499 1815 625 1886 cognovi,
645 1821 674 1871 et
692 1832 709 1871 a
728 1815 853 1870 Conrado
867 1814 1018 1883 Cicborius,
1036 1821 1216 1885 praeceptore
1236 1815 1400 1881 clarissimo,

285 1905 392 1973 quidem
424 1905 684 1961 benevolentissime
711 1905 838 1971 edoctus,
872 1905 1062 1960 Usenerunr
1090 1904 1120 1959 in
1150 1904 1302 1960 Annalibus
1330 1906 1400 1959 Aca·

285 1993 393 2050 demica
406 1993 513 2063 Regiae
526 1994 678 2048 Bavaricce
691 1994 767 2048 1892.
780 2009 802 2048 s.
812 2000 833 2049 t.
865 1992 935 2061 ,Ein
948 1993 1021 2048 altes
1033 1994 1232 2061 Lebrgebtlude
1245 1993 1295 2048 der
1307 1994 1398 2048 Philo·

283 2082 385 2154 logie·,
410 2099 437 2152 p.
455 2084 516 2140 644.
536 2099 595 2151 sqq.
615 2083 648 2137 de
666 2082 774 2137 Lucilio
787 2083 888 2152 egisse.
920 2081 988 2136 Cum
1006 2082 1041 2138 de
1054 2081 1161 2137 Lucilio
1180 2083 1330 2150 Tarrhaeo,
1353 2099 1401 2138 no·

283 2172 391 2244 tissimo
419 2173 467 2227 illo
489 2172 628 2242 Apollonii
649 2171 750 2227 Rhodii
772 2177 988 2228 commentatore
1017 2178 1047 2228 et
1067 2173 1274 2242 proverbiorum
1301 2172 1401 2228 collec-

281 2270 361 2332 tore,
387 2261 465 2324 cuius
490 2261 680 2318 collectionem
704 2262 732 2316 in
754 2260 867 2316 Zenobii
889 2266 1032 2332 παροιμίας
1052 2260 1171 2332 illuxisse
1194 2261 1307 2329 scimus,
1329 2263 1400 2316 eius·

283 2366 335 2419 que
354 2335 552 2420 grammaticae
575 2350 645 2405 artis
663 2350 773 2404 ratione
792 2350 906 2419 egisset,
926 2350 1007 2404 dicit:
1027 2347 1168 2419 ,Lulrillos
1192 2349 1232 2404 ist
1258 2363 1310 2404 una
1328 2350 1400 2404 nabe

281 2441 401 2510 gerllclrt
426 2439 512 2494 durch
535 2439 611 2495 aeine
630 2438 817 2509 Epigramma,
843 2439 926 2493 deren
945 2438 1013 2494 llber
1036 2440 1086 2493 120
1110 2439 1138 2493 in
1160 2438 1205 2494 die
1229 2438 1401 2508 Anthologia

281 2529 412 2584 Palatina
434 2529 589 2584 Auinabme
610 2528 749 2598 gesunden
770 2528 885 2584 haben.“
930 2528 1090 2595 Quanquam
1112 2527 1238 2584 concedit
1263 2529 1400 2597 epigram·

284 2626 361 2673 mata
379 2617 498 2673 Lucilllo
526 2618 634 2672 cuidam
662 2617 790 2685 adscribi,
818 2625 911 2672 tamen
930 2616 1053 2671 codicum
1078 2617 1183 2671 scribas
1208 2632 1317 2686 semper
1340 2617 1400 2672 iere

281 2705 431 2758 Λουκίλλου
454 2707 570 2761 formam
596 2722 726 2762 exarasse
748 2715 821 2762 teste
837 2707 963 2761 lacobsio
990 2707 1024 2776 (a.
1049 2722 1091 2776 gr.
1116 2707 1165 2760 lll.
1188 2723 1252 2776 pag.
1277 2706 1400 2760 LXXlX.

281 2797 316 2850 ed
335 2797 382 2853 Xl.
402 2797 475 2866 308.)
494 2796 630 2851 adfirmat.
660 2794 737 2863 Quod
755 2795 859 2851 fefellit
877 2797 966 2850 virum
992 2795 1101 2850 doctum
1122 2795 1317 2863 testimonium,
1337 2811 1399 2850 nam

281 2885 414 2951 exaravit,
437 2895 470 2940 ut
492 2885 647 2953 docuimus,
669 2885 761 2941 scriba
778 2885 801 2938 B
821 2901 929 2954 semper
947 2885 1006 2940 iere
1034 2883 1192 2952 Λουκίλλου,
1214 2893 1354 2940 corrector
1379 2884 1400 2938 u

280 2985 377 3029 contra
403 2972 578 3042 Λουκιλλίου;
616 2974 735 3030 bicolori
768 2973 1055 3043 argumentationibus
1088 2975 1112 3029 si
1145 2975 1226 3030 fidem
1259 2975 1400 3042 babemus,

281 3064 340 3118 iure
365 3079 398 3118 ac
421 3063 521 3118 merito
545 3072 727 3118 correctorem
753 3063 867 3118 maioris
892 3063 955 3118 fidei
979 3063 1115 3118 bominem
1140 3063 1226 3118 fuisse
1245 3064 1401 3131 credemue3

280 3153 389 3220 itaque,
423 3157 556 3220 quantum
579 3151 615 3206 ad
639 3151 763 3208 codicum
789 3140 948 3207 memoriam
975 3151 1095 3220 adtinet,
1124 3150 1284 3204 Λουκιλλίου
1312 3152 1402 3207 forma

281 3241 387 3296 tradita
410 3251 461 3298 est.
503 3241 631 3310 Accedit,
660 3241 731 3309 quod
754 3239 796 3296 bis
820 3241 943 3298 Lucilius
967 3258 997 3296 se
1021 3241 1110 3310 ipsum
1131 3239 1287 3296 Λουκίλλιος
1308 3242 1401 3311 appel·

279 3329 357 3399 lavit,
377 3329 423 3384 VI.
445 3331 536 3397 liii,3:
555 3327 710 3384 Λουκίλλιος
728 3324 780 3382 ὧδε
799 3333 937 3402 κέκαρμαι,
961 3336 991 3386 et
1007 3330 1055 3386 xl.
1075 3333 1165 3398 l96,3:
1190 3328 1338 3389 Δουκίλλιε,
1358 3335 1402 3382 καὶ

279 3420 440 3485 μουοιιοιτῶ.
487 3420 647 3474 Extremum
677 3420 830 3488 exemplum
858 3435 893 3475 ne
923 3422 1074 3475 Usenerum
1103 3420 1212 3488 quidem
1240 3420 1323 3490 fugit,
1352 3421 1401 3476 sed

282 3507 444 3563 immutavit
461 3507 505 3564 vir
531 3507 736 3562 doctus-verba
759 3508 875 3575 tradita,
899 3523 1053 3576 quanquam
1078 3525 1129 3578 per
1153 3524 1183 3564 se
1207 3508 1309 3579 optime
1332 3509 1401 3564 ferri

280 3602 402 3665 possunt,
422 3596 465 3652 in:
483 3594 618 3656 Λυυκίλλ,
637 3600 688 3647 alei
706 3585 868 3663 μουυκοιτῶ,
905 3598 980 3665 Quae
999 3597 1158 3653 coniectura
1176 3614 1230 3653 non
1249 3598 1328 3652 modo
1347 3613 1401 3653 non

281 3685 443 3741 necessaria
461 3691 513 3754 eat,
542 3686 591 3740 sed
615 3685 700 3742 etiam
719 3686 805 3742 falsa:
833 3701 897 3741 nam
922 3702 982 3740 cunr
1002 3685 1066 3740 Bito
1092 3685 1128 3740 ad
1147 3685 1281 3741 Lucilium
1309 3685 1400 3741 dicat:

281 3777 335 3840 εἰμὶ
353 3775 468 3845 cuppam
487 3778 531 3826 nal
548 3776 712 3841 μουουοιτιῖι,
730 3775 854 3831 Lucilius
873 3775 975 3845 optime
995 3791 1055 3831 eam
1074 3775 1276 3844 interrumpere
1294 3782 1401 3845 potest:

280 3860 395 3915 αἰδεῖται
420 3862 472 3934 yde
490 3865 560 3922 ἴσως,
584 3864 725 3934 παρθένος
743 3867 806 3932 elmi,
829 3862 929 3934 ie'yew3
955 3864 1003 3919 aed
1030 3865 1054 3919 si
1079 3881 1140 3919 cum
1159 3864 1282 3919 Usenero
1307 3864 1401 3919 floribi-

279 3967 340 4008 mlle
359 3955 410 4003 uici
428 3953 590 4019 percucurri,
615 3953 739 4009 Lucilius
760 3953 852 4009 dicere
876 3969 931 4009 non
949 3960 1046 4023 posset
1067 3953 1209 4026 παρθένος
1231 3954 1304 4005 ἐστὶν
1328 3956 1401 4026 ἴσως

279 4058 343 4097 nam
361 4043 385 4096 si
399 4056 509 4110 semper
522 4043 581 4096 sola
595 4044 732 4112 cubasset,
751 4043 830 4113 virgo
844 4043 928 4100 etiam
942 4055 1032 4111 easet3
1050 4059 1112 4098 cum
1133 4051 1229 4098 contra
1242 4041 1402 4100 adfirmaret

283 4129 348 4185 Bito
368 4130 456 4185 solnm
475 4130 528 4183 hoc
546 4145 577 4185 aa
595 4147 667 4186 nunc
686 4131 774 4186 solam
793 4132 903 4199 cubare,
923 4139 1008 4188 antea
1027 4147 1088 4186 cum
1105 4132 1200 4186 multis
1220 4132 1283 4187 aliis
1301 4131 1401 4188 cubare

279 4219 384 4288 potuit,
412 4219 455 4274 ita
478 4225 511 4274 ut
535 4219 615 4290 virgo
640 4220 695 4275 ium
722 4237 776 4276 non
801 4231 884 4277 esset.
922 4222 1022 4289 ltaque
1053 4237 1148 4277 rerum
1175 4227 1275 4292 poetae
1302 4237 1401 4277 nomeu

278 4306 433 4365 Λουκίλλιος
450 4308 615 4366 tenebimus.

369 4399 444 4454 Dicit
452 4404 600 4468 practerea
612 4400 661 4456 [λε
682 4400 756 4470 ,Der
768 4399 1025 4470 Epigrammatilrer
1033 4401 1114 4472 giebt
1126 4401 1184 4456 sich
1195 4399 1402 4472 nnzweideutig

277 4485 320 4542 als
339 4486 545 4545 Grammatilrer
563 4505 599 4544 an
618 4490 757 4546 erkennen
776 4491 819 4560 (A.
833 4490 864 4546 P.
877 4490 925 4544 Xl.
941 4491 994 4562 10),
1013 4491 1069 4546 und
1088 4491 1402 4562 dicac'Wahrnehnrnng
