3460 5218
708 517 985 577 '-78-

316 690 393 756 istis
427 689 721 774 grammaticorum
752 691 974 758 Romanorum
1005 691 1208 774 temporibus
1244 696 1321 758 orta
1352 697 1440 770 sunt,

320 802 460 880 excepto
483 795 635 863 nimirum
668 797 908 881 epigrammate
933 797 1055 883 238.,¹)
1087 798 1173 880 quod
1204 816 1246 865 cx
1268 800 1442 884 Agathiae

318 903 420 988 Cyclo
453 903 616 972 delibavit
646 902 814 987 (lephalas
847 903 998 986 quodque
1032 904 1087 971 hic
1118 906 1270 973 adseruit
1306 911 1443 989 proptor

321 1010 511 1094 argumenti
551 1010 799 1077 similitudinem
834 1010 1299 1094 Pseudodemodoceorumque
1333 1013 1444 1082 imita·

315 1117 451 1184 tionem.

407 1228 482 1288 296.
506 1224 695 1302 Timonis,
715 1223 805 1290 inter
824 1225 932 1291 multa
953 1223 1109 1288 ἀδέσποτα
1124 1226 1355 1293 hexametrica
1370 1231 1443 1294 tan·
1537 1223 1540 1230 ’

317 1337 399 1406 turn,
417 1349 436 1397 c
452 1331 615 1416 Meleagri
632 1349 756 1397 corona
772 1349 838 1397 non
861 1335 915 1398 est
938 1330 1120 1399 delibatum
1143 1339 1333 1416 propterea,
1357 1335 1444 1416 quod

318 1438 569 1523 epigrammatis
592 1438 732 1504 formam
758 1456 823 1504 non
851 1438 968 1520 habet3
1001 1438 1159 1522 originem
1188 1440 1284 1506 duxit
1310 1459 1353 1506 ex
1379 1460 1443 1507 uno

317 1545 605 1612 innumerabilium
616 1544 749 1610 illorum
761 1543 833 1610 fere
844 1544 1040 1628 libellorum,
1053 1544 1171 1626 quibus
1179 1546 1443 1629 philosophorum

318 1652 410 1720 dicta
434 1657 470 1719 ct
492 1669 610 1721 versus
634 1651 888 1734 colligebantur.
961 1665 963 1670 ’

406 1759 556 1826 Restant
579 1757 684 1841 igitur
707 1776 795 1824 nunc
816 1759 902 1825 haec
925 1763 1057 1826 tantum
1082 1758 1343 1842 epigrammata:

411 1866 505 1930 361*.
529 1864 748 1931 Dioscuridis.

409 1979 482 2040 362.
506 1972 714 2040 Callimachi.

409 2085 484 2144 363.
508 2079 725 2147 Dioscuridis.

321 2187 393 2272 Quo
416 2188 489 2253 loco
513 2188 649 2254 brevem
672 2187 937 2270 Meleagreorum
959 2187 1097 2254 exhibes
1121 2186 1240 2255 seriem
1262 2193 1445 2271 poetarum,

322 2300 437 2361 tamen
460 2312 525 2360 non
548 2293 637 2359 inter
659 2292 925 2377 Diogenianeos,
950 2293 1010 2358 sed
1036 2293 1127 2360 inter
1157 2293 1236 2360 bina
1259 2293 1447 2376 Philippica

321 2400 582 2484 epigrammata,
624 2405 696 2463 361.
735 2400 994 2466 Automedontis
1047 2405 1083 2466 et
1127 2406 1201 2465 364.
1276 2401 1445 2482 Bianoris;

321 2507 485 2574 accedunt
505 2506 585 2569 κατὰ
608 2520 764 2584 στοιχεῖον
787 2507 898 2574 initia:
925 2513 999 2572 361.
1024 2506 1153 2586 γάλλον.
1180 2513 1252 2572 362.
1277 2507 1445 2584 εὐδαίμων.

322 2618 397 2677 363.
421 2611 535 2710 pilari,
567 2613 619 2680 ita
650 2619 688 2680 ut
718 2614 998 2697 Weisshaeupelii
1018 2594 1175 2680 lortasse
1207 2594 1448 2697 adstipulamur

323 2721 512 2788 sententiae
538 2721 712 2788 exstitisse
729 2721 966 2797 collectionem,
989 2740 1055 2803 qua
1070 2721 1218 2804 Philippi
1238 2728 1273 2788 et
1284 2720 1449 2806 Meleagri

234 2888 236 2893 s
322 2846 462 2895 coronae
478 2828 543 2893 iam
557 2829 807 2895 contaminatae
821 2834 934 2907 erant3
946 2847 1053 2911 neque
1066 2834 1180 2894 tamen
1193 2829 1233 2896 de
1245 2828 1448 2912 Diogeniaui

322 2935 514 3019 anthologia
538 2936 677 3018 cogites.

414 3043 478 3124 Ep.
490 3041 858 3117 361*.Dioscoridis‚
876 3042 961 3124 quod
974 3042 1092 3108 iterum
1103 3043 1320 3126 legitumos,
1332 3047 1371 3107 ut
1382 3041 1449 3108 iarn

323 3147 475 3226 diximus
508 3150 622 3230 procul
648 3149 744 3215 dubio
768 3149 877 3232 priore
906 3150 977 3216 loco
1001 3149 1036 3215 iu
1058 3149 1219 3233 margine,
1248 3149 1361 3215 nescio
1385 3169 1449 3231 qua

324 3273 436 3336 causa,
470 3255 673 3338 adscriptum
709 3259 784 3321 erat
807 3261 842 3322 et
865 3255 900 3321 in
924 3261 1052 3322 textum
1077 3255 1132 3337 qui
1157 3255 1279 3322 dicitur
1301 3255 1379 3322 inde
1401 3257 1473 3321 in-=

324 3361 429 3440 vasit;
455 3362 669 3444 interrumpit
687 3369 798 3429 autem
813 3363 1116 3446 Diogenianeorum
1138 3364 1286 3430 ordinem
1309 3364 1449 3429 elemen-

323 3469 446 3534 tarium
466 3470 555 3555 (191.
567 3466 663 3549 Ἆρες.
684 3473 755 3532 192.
769 3472 964 3553 μακροτέρῳ.
986 3476 1058 3533 193.
1071 3467 1104 3533 Ὁ
1116 3471 1250 3548 φθόνος.
1272 3476 1342 3535 194.
1356 3474 1448 3532 Πανί.

327 3582 398 3642 196.
420 3559 600 3661 ‘dexogs
761 3559 789 3572 ⁸
1082 3559 1110 3571 ⁸
1351 3557 1389 3570 ³

413 3665 560 3764 I't'aque
590 3683 834 3766 Meleagrum
873 3682 912 3748 in
948 3682 1080 3765 capite
1115 3683 1318 3750 undecimo
1351 3701 1449 3748 com·

324 3791 501 3871 ponendo
516 3789 808 3857 Constantinus
821 3790 1019 3872 Cephalas
1035 3795 1197 3872 praesto
1213 3789 1447 3857 nonhabuit.

415 3896 556 3964 Ceteros
578 3896 700 3980 fontes,
729 3904 767 3964 ut
796 3898 860 3964 sibi
883 3902 1019 3980 praesto
1043 3901 1151 3972 erant,
1185 3895 1364 3980 exscripsit
1387 3895 1449 3963 (le-

325 4004 460 4086 phalas:

414 4111 563 4194 Philippi
594 4130 760 4178 coronam:
795 4118 824 4175 4.
851 4114 903 4175 20.
930 4115 1086 4177 23.-50.
1112 4116 1264 4175 tta-67.
1297 4116 1348 4175 72.
1376 4115 1448 4174 168.

328 4216 557 4303 (Antiphanis,
582 4236 690 4285 nonne
706 4217 833 4284 rectius
847 4215 1026 4283 Ammiano
1043 4221 1103 4285 aut
1123 4217 1291 4284 Nicarcho
1314 4215 1449 4301 daturi)

418 4447 438 4517 ²)
456 4445 559 4518 Bergk.
578 4445 597 4502 l.
616 4446 634 4503 l.
653 4463 717 4518 pag.
737 4447 780 4503 66.
