3460 5218
710 531 932 592 ..25-

354 707 406 774 De
432 711 507 774 arte
529 705 671 773 metrica
694 706 817 772 Lucilii
840 726 946 789 pauca
971 706 1093 772 addere
1115 706 1226 773 liceat.
1273 705 1385 790 Quan-

265 831 362 894 quam
385 832 492 895 neque
522 813 654 896 inipso
679 813 817 880 distichi
847 813 1033 896 expoliendi
1065 820 1139 880 arte
1163 832 1268 894 neque
1291 814 1325 880 in
1346 833 1384 880 re

262 919 438 1002 prosodica
474 922 516 986 ab
551 920 684 1002 optimis
718 919 923 986 Graecorum
958 926 993 986 51
1024 921 1245 986 Romanorum
1275 920 1384 1003 poetis

265 1026 388 1103 distat,
422 1032 536 1093 tamen
559 1045 676 1095 versus
701 1027 782 1101 cius,
813 1026 990 1109 praecipue
1016 1025 1211 1107 hexametri,
1243 1035 1281 1093 ut
1309 1027 1385 1111 ipsa

262 1132 348 1200 levis
378 1134 541 1200 materiae
572 1133 682 1199 indole
716 1133 912 1216 flagitatur,
949 1134 1120 1199 admodum
1151 1134 1275 1200 similes
1306 1139 1384 1201 snut

262 1240 472 1322 Horatianis,
498 1241 615 1322 quibus
640 1240 842 1307 cotidianum
862 1259 1045 1307 sermonem
1061 1260 1158 1322 quam
1180 1241 1253 1309 11511
1275 1241 1384 1324 potuit

263 1345 470 1442 verissimum
494 1348 715 1416 adumbravit.

352 1455 524 1521 Habemus
548 1455 635 1520 enim
659 1461 722 1519 299
739 1455 962 1536 hexametros
987 1455 1155 1536 inquibus
1179 1455 1384 1539 dactylorum

267 1566 303 1627 51
336 1563 551 1644 spondeorum
584 1562 787 1645 comparatio
817 1563 901 1628 haec
932 1567 998 1629 est:
1033 1568 1132 1627 1095:
1157 1568 1235 1646 499,
1266 1562 1302 1629 id
1332 1568 1386 1628 est

265 1672 355 1745 2‚75:
387 1674 415 1732 1.
444 1667 680 1745 ὁλοδακτίλους
709 1669 898 1752 computavi
928 1675 984 1741 43,
1016 1674 1282 1745 μονοσπονδείους
1312 1674 1384 1752 143,

264 1793 335 1842 curn
360 1776 485 1843 duobus
509 1777 663 1860 spondeis
687 1795 804 1844 versus
829 1781 880 1857 82,
907 1796 980 1842 eum
1002 1776 1110 1842 tribus
1135 1782 1185 1840 31.

351 1884 517 1950 Rationes
541 1884 744 1969 singulorum
768 1884 885 1966 pedum
908 1884 970 1950 has
993 1884 1114 1950 habes:

351 1989 435 2072 pede
457 1991 560 2073 primo
584 1991 722 2073 spondei
749 1994 821 2072 135,
847 1990 975 2074 dactyli
1002 1997 1073 2066 161,
1098 1989 1117 2056 1.
1135 2009 1162 2056 5.
1190 1995 1306 2069 1:1,2.

387 2147 402 2178 „
459 2098 602 2164 secundo
644 2149 659 2177 ,,
746 2103 817 2180 133,
901 2145 913 2171 ,
1002 2103 1073 2173 166,
1124 2144 1137 2171 ,
1191 2102 1307 2173 1112.

388 2252 401 2279 „
459 2204 562 2270 tertio
646 2251 659 2277 „
766 2209 817 2285 87,
903 2250 916 2277 „
999 2209 1073 2287 212,
1122 2252 1135 2279 „
1190 2209 1306 2287 1:2,4.

387 2358 401 2387 „
458 2316 578 2391 quarto
647 2360 659 2382 ,.
767 2317 819 2390 44,
904 2359 917 2386 ,
1000 2316 1074 2392 255,
1125 2358 1138 2387 ,
1190 2317 1305 2389 1:5,a

388 2467 403 2498 ‚,
459 2418 573 2498 quinto
649 2471 663 2490 .,
794 2425 820 2496 1,
904 2465 917 2492 ,
1000 2423 1073 2500 298,
1125 2469 1139 2498 ,.
1191 2423 1316 2482 11298.

354 2523 577 2608 Spondeorum
603 2525 699 2591 sedes
723 2526 783 2590 has
808 2525 999 2591 observavi:

352 2631 480 2700 Versus
504 2651 576 2698 curn
599 2651 662 2698 uno
687 2634 844 2714 spondeo:
869 2631 1002 2713 ponitur
1026 2632 1188 2714 spondeus

554 2739 589 2806 in
611 2741 695 2823 pede
719 2739 822 2822 primo
869 2739 1020 2806 versibus
1045 2745 1096 2802 56.

568 2894 582 2921 „
648 2895 662 2922 „
721 2847 863 2913 secundo
945 2893 958 2920 „
1053 2853 1104 2909 51.

570 3000 583 3027 „
650 3003 665 3034 ,,
721 2954 824 3020 151115
948 3000 961 3026 ,
1053 2957 1104 3016 29.

569 3110 584 3140 „
652 3110 667 3140 „
723 3064 841 3141 quarto
948 3110 962 3139 ‚2
1076 3065 1104 3123 7-

352 3164 446 3233 Ι)555
470 3166 631 3248 spondeos
654 3165 745 3233 hisce
768 3167 906 3249 pedibus
930 3166 1047 3232 habes:

438 3271 592 3355 pedibus:
616 3273 719 3355 primo
737 3279 772 3339 51
788 3273 945 3339 secundo:
969 3273 1133 3340 versibus:
1161 3278 1213 3338 24.

509 3426 522 3453 „
615 3379 719 3461 primo
744 3385 779 3446 et
803 3379 919 3446 tertio:
1053 3427 1065 3454 „
1164 3386 1213 3444 17.

511 3533 523 3558 „
617 3486 721 3567 primo
746 3495 782 3552 et
805 3492 938 3567 quarto:
1055 3534 1067 3560 „
1185 3493 1214 3550 9.

510 3639 523 3665 η
618 3593 760 3659 seeundo
785 3598 819 3658 et
843 3593 959 3659 tertio:
1053 3641 1066 3667 „
1164 3600 1214 3657 18.

508 3745 522 3774 „
617 3701 760 3767 secundo
784 3705 819 3766 51
843 3709 975 3781 quarto:
1054 3747 1067 3774 „
1165 3705 1214 3765 12.

510 3852 523 3879 „
618 3807 759 3873 secundo
783 3812 819 3873 51
843 3808 970 3888 quinto:
1055 3854 1068 3881 „
1187 3814 1215 3872 1.

508 3959 522 3988 ,,
616 3913 718 3979 151115
743 3920 778 3980 51
801 3921 934 3995 quarto:
1056 3961 1068 3988 „
1188 3922 1215 3977 1.

355 4019 440 4086 Tres
464 4020 626 4102 spondeos
649 4021 745 4089 vides
769 4021 817 4087 sic
839 4021 929 4088 inter
952 4021 1052 4104 pedes
1076 4019 1288 4087 distributos:

388 4127 540 4210 pedibus:
564 4127 678 4210 primo,
703 4128 855 4211 secundo,
880 4128 997 4194 tertio=
1021 4127 1185 4194 versibus:
1213 4134 1264 4194 16.

452 4281 466 4310 „
563 4235 678 4318 primo,
703 4235 856 4315 secundo,
881 4241 1016 4315 5551151
1096 4282 1109 4310 ,
1234 4240 1264 4300 9.

452 4389 467 4422 ,,
564 4341 679 4425 primo,
703 4343 816 4424 tertio,
842 4349 974 4423 quarto:
1095 4389 1109 4414 ,
1233 4348 1264 4406 4.

453 4495 466 4524 ,,
565 4450 719 4532 secundo,
743 4450 856 4530 tertio,
881 4456 1014 4530 quarto:
1096 4497 1109 4523 „
1234 4455 1264 4512 2.
